@article{de2013rotation,
  title={The rotation rates of massive stars: the role of binary interaction through tides, mass transfer, and mergers},
  author={De Mink, SE and Langer, N and Izzard, RG and Sana, Hugues and de Koter, Alex},
  journal={The Astrophysical Journal},
  volume={764},
  number={2},
  pages={166},
  year={2013},
  publisher={IOP Publishing}
}




@ARTICLE{2013NaPho...7..613A,
   author = {{Aasi}, J. and {Abadie}, J. and {Abbott}, B.~P. and {Abbott}, R. and 
	{Abbott}, T.~D. and {Abernathy}, M.~R. and {Adams}, C. and {Adams}, T. and 
	{Addesso}, P. and {Adhikari}, R.~X. and et al.},
    title = "{Enhanced sensitivity of the LIGO gravitational wave detector by using squeezed states of light}",
  journal = {Nature Photonics},
archivePrefix = "arXiv",
   eprint = {1310.0383},
 primaryClass = "quant-ph",
     year = 2013,
    month = aug,
   volume = 7,
    pages = {613-619},
      doi = {10.1038/nphoton.2013.177},
   adsurl = {http://adsabs.harvard.edu/abs/2013NaPho...7..613A},
  adsnote = {Provided by the SAO/NASA Astrophysics Data System}
}

@article{owen2000safe,
  title={Safe and effective importance sampling},
  author={Owen, Art and Zhou, Yi},
  journal={Journal of the American Statistical Association},
  volume={95},
  number={449},
  pages={135--143},
  year={2000},
  publisher={Taylor \& Francis Group}
}

@ARTICLE{1999A&A...346...91B,
   author = {{Belczy{\'n}ski}, K. and {Bulik}, T.},
    title = "{The effect of supernova natal kicks on compact object merger rate}",
  journal = {\aap},
   eprint = {astro-ph/9901193},
 keywords = {GRAVITATIONAL WAVES, STARS: BINARIES: CLOSE, STARS: BINARIES: GENERAL, STARS: EVOLUTION},
     year = 1999,
    month = jun,
   volume = 346,
    pages = {91-100},
   adsurl = {http://adsabs.harvard.edu/abs/1999A%26A...346...91B},
  adsnote = {Provided by the SAO/NASA Astrophysics Data System}
}
@ARTICLE{2017Natur.551...85A,
   author = {{Abbott}, B.~P. and {Abbott}, R. and {Abbott}, T.~D. and {Acernese}, F. and 
	{Ackley}, K. and {Adams}, C. and {Adams}, T. and {Addesso}, P. and 
	{Adhikari}, R.~X. and {Adya}, V.~B. and et al.},
    title = "{A gravitational-wave standard siren measurement of the Hubble constant}",
  journal = {\nat},
archivePrefix = "arXiv",
   eprint = {1710.05835},
     year = 2017,
    month = nov,
   volume = 551,
    pages = {85-88},
      doi = {10.1038/nature24471},
   adsurl = {http://adsabs.harvard.edu/abs/2017Natur.551...85A},
  adsnote = {Provided by the SAO/NASA Astrophysics Data System}
}



@ARTICLE{2017ApJ...846...82Z,
   author = {{Zevin}, M. and {Pankow}, C. and {Rodriguez}, C.~L. and {Sampson}, L. and 
	{Chase}, E. and {Kalogera}, V. and {Rasio}, F.~A.},
    title = "{Constraining Formation Models of Binary Black Holes with Gravitational-wave Observations}",
  journal = {\apj},
archivePrefix = "arXiv",
   eprint = {1704.07379},
 primaryClass = "astro-ph.HE",
 keywords = {galaxies: star clusters: general, gravitational waves, methods: statistical, stars: black holes, supernovae: general},
     year = 2017,
    month = sep,
   volume = 846,
      eid = {82},
    pages = {82},
      doi = {10.3847/1538-4357/aa8408},
   adsurl = {http://adsabs.harvard.edu/abs/2017ApJ...846...82Z},
  adsnote = {Provided by the SAO/NASA Astrophysics Data System}
}

@ARTICLE{2018arXiv180607463D,
   author = {{Di Valentino}, E. and {Holz}, D.~E. and {Melchiorri}, A. and 
	{Renzi}, F.},
    title = "{The cosmological impact of future constraints on $H\_0$ from gravitational-wave standard sirens}",
  journal = {ArXiv e-prints},
archivePrefix = "arXiv",
   eprint = {1806.07463},
 keywords = {Astrophysics - Cosmology and Nongalactic Astrophysics, General Relativity and Quantum Cosmology, High Energy Physics - Phenomenology},
     year = 2018,
    month = jun,
   adsurl = {http://adsabs.harvard.edu/abs/2018arXiv180607463D},
  adsnote = {Provided by the SAO/NASA Astrophysics Data System}
}

@ARTICLE{2018PhRvD..97d1301D,
   author = {{Di Valentino}, E. and {Melchiorri}, A.},
    title = "{First cosmological constraints combining Planck with the recent gravitational-wave standard siren measurement of the Hubble constant}",
  journal = {\prd},
archivePrefix = "arXiv",
   eprint = {1710.06370},
     year = 2018,
    month = feb,
   volume = 97,
   number = 4,
      eid = {041301},
    pages = {041301},
      doi = {10.1103/PhysRevD.97.041301},
   adsurl = {http://adsabs.harvard.edu/abs/2018PhRvD..97d1301D},
  adsnote = {Provided by the SAO/NASA Astrophysics Data System}
}


@article{mckay1979comparison,
  title={Comparison of three methods for selecting values of input variables in the analysis of output from a computer code},
  author={McKay, Michael D and Beckman, Richard J and Conover, William J},
  journal={Technometrics},
  volume={21},
  number={2},
  pages={239--245},
  year={1979},
  publisher={Taylor \& Francis}
}

@article{eglajs1977new,
  title={New approach to the design of multifactor experiments},
  author={Eglajs, V and Audze, P},
  journal={Problems of Dynamics and Strengths},
  volume={35},
  number={1},
  pages={104--107},
  year={1977}
}
@article{iman1981approach,
  title={An approach to sensitivity analysis of computer models: Part Iâ€”Introduction, input variable selection and preliminary variable assessment},
  author={Iman, Ronald L and Helton, Jon C and Campbell, James E},
  journal={Journal of quality technology},
  volume={13},
  number={3},
  pages={174--183},
  year={1981},
  publisher={Taylor \& Francis}
}

@techreport{iman1980latin,
  title={Latin hypercube sampling (program user's guide).[LHC, in FORTRAN]},
  author={Iman, Ronald L and Davenport, James M and Zeigler, Diane K},
  year={1980},
  institution={Sandia Labs., Albuquerque, NM (USA)}
}



@article{NeijsselPrep,
  title={The effect of metallicity-specific star formation history on the formation and detection of binary mergers},
  author={Neijssel, C. J.},
  journal={in preparation},
  volume={},
  number={},
  pages={},
  year={2018},
  publisher={}
}

@article{schneider2014bonnsai,
  title={Bonnsai: a Bayesian tool for comparing stars with stellar evolution models},
  author={Schneider, FRN and Langer, Norbert and de Koter, Alex and Brott, Ines and Izzard, Robert G and Lau, Herbert HB},
  journal={Astronomy \& Astrophysics},
  volume={570},
  pages={A66},
  year={2014},
  publisher={EDP Sciences}
}

@article{zapartas2017delay,
  title={Delay-time distribution of core-collapse supernovae with late events resulting from binary interaction},
  author={Zapartas, E and de Mink, SE and Izzard, RG and Yoon, S-C and Badenes, C and G{\"o}tberg, Y and de Koter, A and Neijssel, CJ and Renzo, M and Schootemeijer, A and others},
  journal={Astronomy \& Astrophysics},
  volume={601},
  pages={A29},
  year={2017},
  publisher={EDP Sciences}
}

@article{toonen2012supernova,
  title={Supernova Type Ia progenitors from merging double white dwarfs-Using a new population synthesis model},
  author={Toonen, Silvia and Nelemans, Gijs and Zwart, S Portegies},
  journal={Astronomy \& Astrophysics},
  volume={546},
  pages={A70},
  year={2012},
  publisher={EDP Sciences}
}

@article{stevenson2017formation,
  title={Formation of the first three gravitational-wave observations through isolated binary evolution},
  author={Stevenson, Simon and Vigna-G{\'o}mez, Alejandro and Mandel, Ilya and Barrett, Jim W and Neijssel, Coenraad J and Perkins, David and de Mink, Selma E},
  journal={Nature Communications},
  volume={8},
  year={2017},
  publisher={Nature Publishing Group}
}

@article{hurley2000comprehensive,
  title={Comprehensive analytic formulae for stellar evolution as a function of mass and metallicity},
  author={Hurley, Jarrod R and Pols, Onno R and Tout, Christopher A},
  journal={Monthly Notices of the Royal Astronomical Society},
  volume={315},
  number={3},
  pages={543--569},
  year={2000},
  publisher={Wiley Online Library}
}

@article{hurley2002evolution,
  title={Evolution of binary stars and the effect of tides on binary populations},
  author={Hurley, Jarrod R and Tout, Christopher A and Pols, Onno R},
  journal={Monthly Notices of the Royal Astronomical Society},
  volume={329},
  number={4},
  pages={897--928},
  year={2002},
  publisher={The Royal Astronomical Society}
}

@article{izzard2004new,
  title={A new synthetic model for asymptotic giant branch stars},
  author={Izzard, Robert G and Tout, Christopher A and Karakas, Amanda I and Pols, Onno R},
  journal={Monthly Notices of the Royal Astronomical Society},
  volume={350},
  number={2},
  pages={407--426},
  year={2004},
  publisher={Blackwell Science Ltd Oxford, UK}
}

@article{izzard2009population,
  title={Population synthesis of binary carbon-enhanced metal-poor stars},
  author={Izzard, Robert G and Glebbeek, Evert and Stancliffe, Richard J and Pols, OR},
  journal={Astronomy \& Astrophysics},
  volume={508},
  number={3},
  pages={1359--1374},
  year={2009},
  publisher={EDP Sciences}
}

@article{pols1998stellar,
  title={Stellar evolution models for Z= 0.0001 to 0.03},
  author={Pols, Onno R and Hurley, Jarrod R and Tout, Christopher A and Eggleton, Peter P and others},
  journal={Monthly Notices of the Royal Astronomical Society},
  volume={298},
  number={2},
  pages={525--536},
  year={1998},
  publisher={Wiley Online Library}
}





@article{belczynski2008compact,
  title={Compact object modeling with the StarTrack population synthesis code},
  author={Belczynski, Krzysztof and Kalogera, Vassiliki and Rasio, Frederic A and Taam, Ronald E and Zezas, Andreas and Bulik, Tomasz and Maccarone, Thomas J and Ivanova, Natalia},
  journal={The Astrophysical Journal Supplement Series},
  volume={174},
  number={1},
  pages={223},
  year={2008},
  publisher={IOP Publishing}
}

@article{portegies1996population,
  title={Population synthesis of high-mass binaries.},
  author={Portegies Zwart, SF and Verbunt, Frank},
  journal={Astronomy and Astrophysics},
  volume={309},
  pages={179--196},
  year={1996}
}

@article{verbunt1996high,
  title={High-energy observations of the millisecond pulsar PSR J0218+ 4232},
  author={Verbunt, Frank and Kuiper, Lucien and Belloni, Tomaso and Johnston, Helen M and De Bruyn, AG and Hermsen, Wim and van der Klis, Michiel},
  journal={Astronomy and Astrophysics},
  volume={311},
  pages={L9--L12},
  year={1996}
}





@ARTICLE{kruckow2018progenitors,
   author = {{Kruckow}, M.~U. and {Tauris}, T.~M. and {Langer}, N. and {Kramer}, M. and 
	{Izzard}, R.~G.},
    title = "{Progenitors of gravitational wave mergers: Binary evolution with the stellar grid-based code COMBINE}",
  journal = {\mnras},
archivePrefix = "arXiv",
   eprint = {1801.05433},
 primaryClass = "astro-ph.SR",
 keywords = {gravitational waves, stars: evolution, binaries: close, stars: neutron, stars: black holes, gamma-ray burst: general},
     year = 2018,
    month = aug,
      doi = {10.1093/mnras/sty2190},
   adsurl = {http://adsabs.harvard.edu/abs/2018MNRAS.tmp.2091K},
  adsnote = {Provided by the SAO/NASA Astrophysics Data System}
}



@ARTICLE{1996ApJ...457..834T,
       author = {{Timmes}, F.~X. and {Woosley}, S.~E. and {Weaver}, Thomas A.},
        title = "{The Neutron Star and Black Hole Initial Mass Function}",
      journal = {\apj},
     keywords = {BLACK HOLE PHYSICS, STARS: EVOLUTION, STARS: LUMINOSITY FUNCTION, MASS
        FUNCTION, STARS: NEUTRON, STARS: STATISTICS, Astrophysics},
         year = 1996,
        month = Feb,
       volume = {457},
        pages = {834},
          doi = {10.1086/176778},
archivePrefix = {arXiv},
       eprint = {astro-ph/9510136},
       adsurl = {https://ui.adsabs.harvard.edu/#abs/1996ApJ...457..834T},
      adsnote = {Provided by the SAO/NASA Astrophysics Data System}
}



@ARTICLE{2018MNRAS.477.4685B,
   author = {{Barrett}, J.~W. and {Gaebel}, S.~M. and {Neijssel}, C.~J. and 
	{Vigna-G{\'o}mez}, A. and {Stevenson}, S. and {Berry}, C.~P.~L. and 
	{Farr}, W.~M. and {Mandel}, I.},
    title = "{Accuracy of inference on the physics of binary evolution from gravitational-wave observations}",
  journal = {\mnras},
archivePrefix = "arXiv",
   eprint = {1711.06287},
 primaryClass = "astro-ph.HE",
 keywords = {black hole physics, gravitational waves, stars: black holes, stars: evolution},
     year = 2018,
    month = jul,
   volume = 477,
    pages = {4685-4695},
      doi = {10.1093/mnras/sty908},
   adsurl = {http://adsabs.harvard.edu/abs/2018MNRAS.477.4685B},
  adsnote = {Provided by the SAO/NASA Astrophysics Data System}
}



@article{belczynski2017gw170104,
  title={GW170104 and the origin of heavy, low-spin binary black holes via classical isolated binary evolution},
  author={Belczynski, K and Klencki, J and Meynet, G and Fryer, CL and Brown, DA and Chruslinska, M and Gladysz, W and O'Shaughnessy, R and Bulik, T and Berti, E and others},
  journal={arXiv preprint arXiv:1706.07053},
  year={2017}
}

@article{belczynski2016first,
  title={The first gravitational-wave source from the isolated evolution of two stars in the 40--100 solar mass range},
  author={Belczynski, Krzysztof and Holz, Daniel E and Bulik, Tomasz and O`Shaughnessy, Richard},
  journal={Nature},
  volume={534},
  number={7608},
  pages={512--515},
  year={2016},
  publisher={Nature Publishing Group}
}

@article{kroupa2001variation,
  title={On the variation of the initial mass function},
  author={Kroupa, Pavel},
  journal={Monthly Notices of the Royal Astronomical Society},
  volume={322},
  number={2},
  pages={231--246},
  year={2001},
  publisher={Blackwell Science Ltd Oxford, UK}
}

@article{opik1924statistical,
  title={Statistical Studies of Double Stars: On the Distribution of Relative Luminosities and Distances of Double Stars in the Harvard Revised Photometry North of Declination-31Â°},
  author={{\"O}pik, Ernst},
  journal={Publications of the Tartu Astrofizica Observatory},
  volume={25},
  year={1924}
}



@article{moe2015early,
  title={Early-type Eclipsing Binaries with Intermediate Orbital Periods},
  author={Moe, Maxwell and Di Stefano, Rosanne},
  journal={The Astrophysical Journal},
  volume={810},
  number={1},
  pages={61},
  year={2015},
  publisher={IOP Publishing}
}



@article{abbott2017gw170817,
  title={GW170817: observation of gravitational waves from a binary neutron star inspiral},
  author={Abbott, Benjamin P and Abbott, Rich and Abbott, TD and Acernese, Fausto and Ackley, Kendall and Adams, Carl and Adams, Thomas and Addesso, Paolo and Adhikari, RX and Adya, VB and others},
  journal={Physical Review Letters},
  volume={119},
  number={16},
  pages={161101},
  year={2017},
  publisher={APS}
}


@article{abbott2016observation,
  title={Observation of gravitational waves from a binary black hole merger},
  author={Abbott, Benjamin P and Abbott, Richard and Abbott, TD and Abernathy, MR and Acernese, Fausto and Ackley, Kendall and Adams, Carl and Adams, Thomas and Addesso, Paolo and Adhikari, RX and others},
  journal={Physical review letters},
  volume={116},
  number={6},
  pages={061102},
  year={2016},
  publisher={APS}
}


@article{tauris2017formation,
  title={Formation of Double Neutron Star Systems},
  author={Tauris, TM and Kramer, M and Freire, PCC and Wex, N and Janka, H-T and Langer, N and Podsiadlowski, Ph and Bozzo, E and Chaty, S and Kruckow, MU and others},
  journal={The Astrophysical Journal},
  volume={846},
  number={2},
  pages={170},
  year={2017},
  publisher={IOP Publishing}
}

@article{toonen2014popcorn,
  title={PopCORN: Hunting down the differences between binary population synthesis codes},
  author={Toonen, S and Claeys, JSW and Mennekens, N and Ruiter, AJ},
  journal={Astronomy \& Astrophysics},
  volume={562},
  pages={A14},
  year={2014},
  publisher={EDP Sciences}
}


@article{nelemans2001population,
  title={Population synthesis for double white dwarfs-I. Close detached systems},
  author={Nelemans, Gijs and Yungelson, Lev R and Zwart, SF Portegies and Verbunt, Frank},
  journal={Astronomy \& Astrophysics},
  volume={365},
  number={3},
  pages={491--507},
  year={2001},
  publisher={EDP Sciences}
}


@article{toonen2013effect,
  title={The effect of common-envelope evolution on the visible population of post-common-envelope binaries},
  author={Toonen, Silvia and Nelemans, Gijs},
  journal={Astronomy \& Astrophysics},
  volume={557},
  pages={A87},
  year={2013},
  publisher={EDP Sciences}
}




@ARTICLE{2018arXiv180506442W,
   author = {{Wysocki}, D. and {Lange}, J. and {O'Shaughnessy}, R.},
    title = "{Reconstructing phenomenological distributions of compact binaries via gravitational wave observations}",
  journal = {ArXiv e-prints},
archivePrefix = "arXiv",
   eprint = {1805.06442},
 primaryClass = "gr-qc",
 keywords = {General Relativity and Quantum Cosmology, Astrophysics - High Energy Astrophysical Phenomena, Astrophysics - Solar and Stellar Astrophysics},
     year = 2018,
    month = may,
   adsurl = {http://adsabs.harvard.edu/abs/2018arXiv180506442W},
  adsnote = {Provided by the SAO/NASA Astrophysics Data System}
}


@ARTICLE{2018arXiv180608365T,
   author = {{Taylor}, S.~R. and {Gerosa}, D.},
    title = "{Mining Gravitational-wave Catalogs To Understand Binary Stellar Evolution: A New Hierarchical Bayesian Framework}",
  journal = {ArXiv e-prints},
archivePrefix = "arXiv",
   eprint = {1806.08365},
 primaryClass = "astro-ph.HE",
 keywords = {Astrophysics - High Energy Astrophysical Phenomena, Astrophysics - Instrumentation and Methods for Astrophysics, General Relativity and Quantum Cosmology, Physics - Data Analysis, Statistics and Probability},
     year = 2018,
    month = jun,
   adsurl = {http://adsabs.harvard.edu/abs/2018arXiv180608365T},
  adsnote = {Provided by the SAO/NASA Astrophysics Data System}
}

@article{vigna2018formation,
  title={On the formation history of Galactic double neutron stars},
  author={Vigna-G{\'o}mez, Alejandro and Neijssel, Coenraad J and Stevenson, Simon and Barrett, Jim W and Belczynski, Krzysztof and Justham, Stephen and de Mink, Selma E and M{\"u}ller, Bernhard and Podsiadlowski, Philipp and Renzo, Mathieu and others},
  journal={arXiv preprint arXiv:1805.07974},
  year={2018}
}

@article{renzo2018massive,
  title={Massive runaways and walkaway stars},
  author={Renzo, M and Zapartas, E and de Mink, SE and G{\"o}tberg, Y and Justham, S and Farmer, RJ and Izzard, RG and Toonen, S and Sana, H},
  journal={arXiv preprint arXiv:1804.09164},
  year={2018}
}

@ARTICLE{2010ApJ...708....9F,
   author = {{Fong}, W. and {Berger}, E. and {Fox}, D.~B.},
    title = "{Hubble Space Telescope Observations of Short Gamma-Ray Burst Host Galaxies: Morphologies, Offsets, and Local Environments}",
  journal = {\apj},
archivePrefix = "arXiv",
   eprint = {0909.1804},
 primaryClass = "astro-ph.HE",
 keywords = {gamma rays: bursts},
     year = 2010,
    month = jan,
   volume = 708,
    pages = {9-25},
      doi = {10.1088/0004-637X/708/1/9},
   adsurl = {http://adsabs.harvard.edu/abs/2010ApJ...708....9F},
  adsnote = {Provided by the SAO/NASA Astrophysics Data System}
}




@ARTICLE{andrews2017dart_board,
   author = {{Andrews}, J.~J. and {Zezas}, A. and {Fragos}, T.},
    title = "{dart\_board: Binary Population Synthesis with Markov Chain Monte Carlo}",
  journal = {\apjs},
archivePrefix = "arXiv",
   eprint = {1710.11030},
 primaryClass = "astro-ph.HE",
 keywords = {binaries: general, Magellanic Clouds, methods: statistical, X-rays: binaries},
     year = 2018,
    month = jul,
   volume = 237,
      eid = {1},
    pages = {1},
      doi = {10.3847/1538-4365/aaca30},
   adsurl = {http://adsabs.harvard.edu/abs/2018ApJS..237....1A},
  adsnote = {Provided by the SAO/NASA Astrophysics Data System}
}



@ARTICLE{2014ARA&A..52...43B,
   author = {{Berger}, E.},
    title = "{Short-Duration Gamma-Ray Bursts}",
  journal = {\araa},
archivePrefix = "arXiv",
   eprint = {1311.2603},
 primaryClass = "astro-ph.HE",
     year = 2014,
    month = aug,
   volume = 52,
    pages = {43-105},
      doi = {10.1146/annurev-astro-081913-035926},
   adsurl = {http://adsabs.harvard.edu/abs/2014ARA%26A..52...43B},
  adsnote = {Provided by the SAO/NASA Astrophysics Data System}
}

@ARTICLE{2010ApJ...722.1946B,
   author = {{Berger}, E.},
    title = "{A Short Gamma-ray Burst ``No-host'' Problem? Investigating Large Progenitor Offsets for Short GRBs with Optical Afterglows}",
  journal = {\apj},
archivePrefix = "arXiv",
   eprint = {1007.0003},
 primaryClass = "astro-ph.HE",
 keywords = {gamma-ray burst: general},
     year = 2010,
    month = oct,
   volume = 722,
    pages = {1946-1961},
      doi = {10.1088/0004-637X/722/2/1946},
   adsurl = {http://adsabs.harvard.edu/abs/2010ApJ...722.1946B},
  adsnote = {Provided by the SAO/NASA Astrophysics Data System}
}


@ARTICLE{1999ApJ...526..152F,
   author = {{Fryer}, C.~L. and {Woosley}, S.~E. and {Hartmann}, D.~H.},
    title = "{Formation Rates of Black Hole Accretion Disk Gamma-Ray Bursts}",
  journal = {\apj},
   eprint = {astro-ph/9904122},
 keywords = {STARS: BINARIES: CLOSE, BLACK HOLE PHYSICS, GAMMA RAYS: BURSTS, STARS: NEUTRON, Stars: Binaries: Close, Black Hole Physics, Gamma Rays: Bursts, Stars: Neutron},
     year = 1999,
    month = nov,
   volume = 526,
    pages = {152-177},
      doi = {10.1086/307992},
   adsurl = {http://adsabs.harvard.edu/abs/1999ApJ...526..152F},
  adsnote = {Provided by the SAO/NASA Astrophysics Data System}
}


@article{PhysRevLett.119.061101,
  title = {Primordial Black Holes and $r$-Process Nucleosynthesis},
  author = {Fuller, George M. and Kusenko, Alexander and Takhistov, Volodymyr},
  journal = {Phys. Rev. Lett.},
  volume = {119},
  issue = {6},
  pages = {061101},
  numpages = {6},
  year = {2017},
  month = {Aug},
  publisher = {American Physical Society},
  doi = {10.1103/PhysRevLett.119.061101},
  url = {https://link.aps.org/doi/10.1103/PhysRevLett.119.061101}
}

@article{RevModPhys.29.547,
  title = {Synthesis of the Elements in Stars},
  author = {Burbidge, E. Margaret and Burbidge, G. R. and Fowler, William A. and Hoyle, F.},
  journal = {Rev. Mod. Phys.},
  volume = {29},
  issue = {4},
  pages = {547--650},
  numpages = {0},
  year = {1957},
  month = {Oct},
  publisher = {American Physical Society},
  doi = {10.1103/RevModPhys.29.547},
  url = {https://link.aps.org/doi/10.1103/RevModPhys.29.547}
}


@article{ARNOULD200797,
title = "The r-process of stellar nucleosynthesis: Astrophysics and nuclear physics achievements and mysteries",
journal = "Physics Reports",
volume = "450",
number = "4",
pages = "97 - 213",
year = "2007",
issn = "0370-1573",
doi = "https://doi.org/10.1016/j.physrep.2007.06.002",
url = "http://www.sciencedirect.com/science/article/pii/S0370157307002438",
author = "M. Arnould and S. Goriely and K. Takahashi"
}

@article{1538-3873-69-408-201,
  author={A. G. W. Cameron},
  title={Nuclear Reactions in Stars and Nucleogenesis},
  journal={Publications of the Astronomical Society of the Pacific},
  volume={69},
  number={408},
  pages={201},
  url={http://stacks.iop.org/1538-3873/69/i=408/a=201},
  year={1957},
  abstract={}
}
	
	
@article{truran2002probing,
  title={Probing the Neutron-Capture Nucleosynthesis History of Galactic Matter},
  author={Truran, James W and Cowan, John J and Pilachowski, Catherine A and Sneden, Christopher},
  journal={Publications of the Astronomical Society of the Pacific},
  volume={114},
  number={802},
  pages={1293},
  year={2002},
  publisher={IOP Publishing}
}
	


@article{belczynski2002comprehensive,
  title={A comprehensive study of binary compact objects as gravitational wave sources: evolutionary channels, rates, and physical properties},
  author={Belczynski, Krzysztof and Kalogera, Vassiliki and Bulik, Tomasz},
  journal={The Astrophysical Journal},
  volume={572},
  number={1},
  pages={407},
  year={2002},
  publisher={IOP Publishing}
}


@article{moe2017mind,
  title={Mind your Ps and Qs: the interrelation between period (P) and mass-ratio (Q) distributions of binary stars},
  author={Moe, Maxwell and Di Stefano, Rosanne},
  journal={The Astrophysical Journal Supplement Series},
  volume={230},
  number={2},
  pages={15},
  year={2017},
  publisher={IOP Publishing}
}




@article{hobbs2005statistical,
  title={A statistical study of 233 pulsar proper motions},
  author={Hobbs, George and Lorimer, DR and Lyne, AG and Kramer, M},
  journal={Monthly Notices of the Royal Astronomical Society},
  volume={360},
  number={3},
  pages={974--992},
  year={2005},
  publisher={Wiley Online Library}
}


@ARTICLE{2007ApJ...665..663P,
   author = {{Politano}, M. and {Weiler}, K.~P.},
    title = "{Population Synthesis Studies of Close Binary Systems Using a Variable Common Envelope Efficiency Parameter. I. Dependence on Secondary Mass}",
  journal = {\apj},
   eprint = {astro-ph/0702662},
 keywords = {Stars: Binaries: Close, Stars: Novae, Cataclysmic Variables, Stars: Evolution, Stars: Low-Mass, Brown Dwarfs, Stars: Subdwarfs},
     year = 2007,
    month = aug,
   volume = 665,
    pages = {663-679},
      doi = {10.1086/518997},
   adsurl = {http://adsabs.harvard.edu/abs/2007ApJ...665..663P},
  adsnote = {Provided by the SAO/NASA Astrophysics Data System}
}


@article{fryer2012compact,
  title={Compact remnant mass function: dependence on the explosion mechanism and metallicity},
  author={Fryer, Chris L and Belczynski, Krzysztof and Wiktorowicz, Grzegorz and Dominik, Michal and Kalogera, Vicky and Holz, Daniel E},
  journal={The Astrophysical Journal},
  volume={749},
  number={1},
  pages={91},
  year={2012},
  publisher={IOP Publishing}
}






@ARTICLE{abbott2018prospects,
   author = {{Abbott}, B.~P. and {Abbott}, R. and {Abbott}, T.~D. and {Abernathy}, M.~R. and 
	{Acernese}, F. and {Ackley}, K. and {Adams}, C. and {Adams}, T. and 
	{Addesso}, P. and {Adhikari}, R.~X. and et al.},
    title = "{Prospects for observing and localizing gravitational-wave transients with Advanced LIGO, Advanced Virgo and KAGRA}",
  journal = {Living Reviews in Relativity},
archivePrefix = "arXiv",
   eprint = {1304.0670},
 primaryClass = "gr-qc",
 keywords = {Gravitational waves, Gravitational-wave detectors, Electromagnetic counterparts, Data analysis},
     year = 2018,
    month = apr,
   volume = 21,
      eid = {3},
    pages = {3},
      doi = {10.1007/s41114-018-0012-9},
   adsurl = {http://adsabs.harvard.edu/abs/2018LRR....21....3A},
  adsnote = {Provided by the SAO/NASA Astrophysics Data System}
}


@article{hopkins2014galaxies,
  title={Galaxies on FIRE (Feedback In Realistic Environments): stellar feedback explains cosmologically inefficient star formation},
  author={Hopkins, Philip F and Kere{\v{s}}, Du{\v{s}}an and O{\~n}orbe, Jos{\'e} and Faucher-Gigu{\`e}re, Claude-Andr{\'e} and Quataert, Eliot and Murray, Norman and Bullock, James S},
  journal={Monthly Notices of the Royal Astronomical Society},
  volume={445},
  number={1},
  pages={581--603},
  year={2014},
  publisher={The Royal Astronomical Society}
}

@article{woosley2007nucleosynthesis,
  title={Nucleosynthesis and remnants in massive stars of solar metallicity},
  author={Woosley, SE and Heger, Alexander},
  journal={Physics Reports},
  volume={442},
  number={1-6},
  pages={269--283},
  year={2007},
  publisher={Elsevier}
}
@article{bromm2011first,
  title={The first galaxies},
  author={Bromm, Volker and Yoshida, Naoki},
  journal={Annual Review of Astronomy and Astrophysics},
  volume={49},
  pages={373--407},
  year={2011},
  publisher={Annual Reviews}
}

@article{kobulnicky2007new,
  title={A new look at the binary characteristics of massive stars},
  author={Kobulnicky, Henry A and Fryer, Chris L},
  journal={The Astrophysical Journal},
  volume={670},
  number={1},
  pages={747},
  year={2007},
  publisher={IOP Publishing}
}

@article{kobulnicky2014toward,
  title={Toward complete statistics of massive binary stars: penultimate results from the Cygnus OB2 radial velocity survey},
  author={Kobulnicky, Henry A and Kiminki, Daniel C and Lundquist, Michael J and Burke, Jamison and Chapman, James and Keller, Erica and Lester, Kathryn and Rolen, Emily K and Topel, Eric and Bhattacharjee, Anirban and others},
  journal={The Astrophysical Journal Supplement Series},
  volume={213},
  number={2},
  pages={34},
  year={2014},
  publisher={IOP Publishing}
}

@ARTICLE{1970A&A.....7..150L,
   author = {{Lauterborn}, D.},
    title = "{Evolution with mass exchange of case C for a binary system of total mass 7 M sun.}",
  journal = {\aap},
     year = 1970,
    month = jul,
   volume = 7,
    pages = {150-159},
   adsurl = {http://adsabs.harvard.edu/abs/1970A%26A.....7..150L},
  adsnote = {Provided by the SAO/NASA Astrophysics Data System}
}

@ARTICLE{2015ApJ...807L..24L,
   author = {{Littenberg}, T.~B. and {Farr}, B. and {Coughlin}, S. and {Kalogera}, V. and 
	{Holz}, D.~E.},
    title = "{Neutron Stars versus Black Holes: Probing the Mass Gap with LIGO/Virgo}",
  journal = {\apjl},
archivePrefix = "arXiv",
   eprint = {1503.03179},
 primaryClass = "astro-ph.HE",
 keywords = {gravitational waves},
     year = 2015,
    month = jul,
   volume = 807,
      eid = {L24},
    pages = {L24},
      doi = {10.1088/2041-8205/807/2/L24},
   adsurl = {http://adsabs.harvard.edu/abs/2015ApJ...807L..24L},
  adsnote = {Provided by the SAO/NASA Astrophysics Data System}
}

@ARTICLE{2012ApJ...757...36K,
   author = {{Kreidberg}, L. and {Bailyn}, C.~D. and {Farr}, W.~M. and {Kalogera}, V.
	},
    title = "{Mass Measurements of Black Holes in X-Ray Transients: Is There a Mass Gap?}",
  journal = {\apj},
archivePrefix = "arXiv",
   eprint = {1205.1805},
 primaryClass = "astro-ph.HE",
 keywords = {black hole physics, X-rays: binaries},
     year = 2012,
    month = sep,
   volume = 757,
      eid = {36},
    pages = {36},
      doi = {10.1088/0004-637X/757/1/36},
   adsurl = {http://adsabs.harvard.edu/abs/2012ApJ...757...36K},
  adsnote = {Provided by the SAO/NASA Astrophysics Data System}
}


@article{sana2012binary,
  title={Binary interaction dominates the evolution of massive stars},
  author={Sana, Hugues and De Mink, SE and de Koter, Alex and Langer, N and Evans, CJ and Gieles, M and Gosset, Eric and Izzard, RG and Le Bouquin, J-B and Schneider, FRN},
  journal={Science},
  volume={337},
  number={6093},
  pages={444--446},
  year={2012},
  publisher={American Association for the Advancement of Science}
}





@article{de2017dawes,
  title={Dawes review 6: The impact of companions on stellar evolution},
  author={De Marco, Orsola and Izzard, Robert G},
  journal={Publications of the Astronomical Society of Australia},
  volume={34},
  year={2017},
  publisher={Cambridge University Press}
}

@article{almeida2017tarantula,
  title={The Tarantula Massive Binary Monitoring-I. Observational campaign and OB-type spectroscopic binaries},
  author={Almeida, LA and Sana, Hugues and Taylor, W and Barb{\'a}, R and Bonanos, AZ and Crowther, P and Damineli, A and de Koter, Alex and De Mink, SE and Evans, CJ and others},
  journal={Astronomy \& Astrophysics},
  volume={598},
  pages={A84},
  year={2017},
  publisher={EDP Sciences}
}

@article{hulse1975discovery,
  title={Discovery of a pulsar in a binary system},
  author={Hulse, Russell A and Taylor, Joseph H},
  journal={The Astrophysical Journal},
  volume={195},
  pages={L51--L53},
  year={1975}
}




@article{izzard2006population,
  title={Population nucleosynthesis in single and binary stars-I. Model},
  author={Izzard, RG and Dray, LM and Karakas, AI and Lugaro, M and Tout, Christopher A},
  journal={Astronomy \& Astrophysics},
  volume={460},
  number={2},
  pages={565--572},
  year={2006},
  publisher={EDP Sciences}
}


@article{schneider2015evolution,
  title={Evolution of mass functions of coeval stars through wind-mass loss and binary interactions},
  author={Schneider, FRN and Izzard, RG and Langer, N and de Mink, SE},
  journal={The Astrophysical Journal},
  volume={805},
  number={1},
  pages={20},
  year={2015},
  publisher={IOP Publishing}
}
@article{postnov2014evolution,
  title={The evolution of compact binary star systems},
  author={Postnov, Konstantin A and Yungelson, Lev R},
  journal={Living Reviews in Relativity},
  volume={17},
  number={1},
  pages={3},
  year={2014},
  publisher={Springer}
}



@article{de2015merger,
  title={Merger rates of double neutron stars and stellar origin black holes: The Impact of Initial Conditions on Binary Evolution Predictions},
  author={de Mink, SE and Belczynski, K},
  journal={The Astrophysical Journal},
  volume={814},
  number={1},
  pages={58},
  year={2015},
  publisher={IOP Publishing}
}

@article{portegies1998formation,
  title={Formation and evolution of binary neutron stars},
  author={Portegies Zwart, Simon F and Yungelson, Lev R},
  journal={Astronomy and Astrophysics},
  volume={332},
  pages={173--188},
  year={1998}
}

@article{mazeh1992mass,
  title={On the mass-ratio distribution of spectroscopic binaries with solar-type primaries},
  author={Mazeh, Tsevi and Goldberg, Dorit and Duquennoy, Antoine and Mayor, Michel},
  journal={The Astrophysical Journal},
  volume={401},
  pages={265--268},
  year={1992}
}

@article{goldberg1994mass,
  title={The mass-ratio distribution of the spectroscopic binaries in the Pleiades},
  author={Goldberg, D and Mazeh, T},
  journal={Astronomy and Astrophysics},
  volume={282},
  pages={801--803},
  year={1994}
}

@article{tout1991relation,
  title={On the relation between the mass-ratio distribution in binary stars and the mass function for single stars},
  author={Tout, Christopher A},
  journal={Monthly Notices of the Royal Astronomical Society},
  volume={250},
  number={4},
  pages={701--706},
  year={1991},
  publisher={Oxford University Press Oxford, UK}
}

@article{janka1994neutron,
  title={Neutron star recoils from anisotropic supernovae.},
  author={Janka, H-T and M{\"u}ller, Ewald},
  journal={Astronomy and Astrophysics},
  volume={290},
  pages={496--502},
  year={1994}
}


@article{burrows1996pulsar,
  title={Pulsar recoil and gravitational radiation due to asymmetrical stellar collapse and explosion},
  author={Burrows, Adam and Hayes, John},
  journal={Physical Review Letters},
  volume={76},
  number={3},
  pages={352},
  year={1996},
  publisher={APS}
}

@article{bisnovatyi1993asymmetric,
  title={Asymmetric neutrino emission and formation of rapidly moving pulsars},
  author={Bisnovatyi-Kogan, GS},
  journal={Astronomical and Astrophysical Transactions},
  volume={3},
  number={4},
  pages={287--294},
  year={1993},
  publisher={Taylor \& Francis}
}


@article{socrates2005neutrino,
  title={The neutrino bubble instability: A mechanism for generating pulsar kicks},
  author={Socrates, Aristotle and Blaes, Omer and Hungerford, Aimee and Fryer, Chris L},
  journal={The Astrophysical Journal},
  volume={632},
  number={1},
  pages={531},
  year={2005},
  publisher={IOP Publishing}
}

@article{janka2012explosion,
  title={Explosion mechanisms of core-collapse supernovae},
  author={Janka, Hans-Thomas},
  journal={Annual Review of Nuclear and Particle Science},
  volume={62},
  pages={407--451},
  year={2012},
  publisher={Annual Reviews}
}


@article{katz1975two,
  title={Two kinds of stellar collapse},
  author={Katz, JI},
  journal={Nature},
  volume={253},
  number={5494},
  pages={698},
  year={1975},
  publisher={Nature Publishing Group}
}

@article{arzoumanian2002velocity,
  title={The velocity distribution of isolated radio pulsars},
  author={Arzoumanian, Z and Chernoff, DF and Cordes, JM},
  journal={The Astrophysical Journal},
  volume={568},
  number={1},
  pages={289},
  year={2002},
  publisher={IOP Publishing}
}

@article{pfahl2002population,
  title={On the population of wind-accreting neutron stars in the galaxy},
  author={Pfahl, Eric and Rappaport, Saul and Podsiadlowski, Philipp},
  journal={The Astrophysical Journal Letters},
  volume={571},
  number={1},
  pages={L37},
  year={2002},
  publisher={IOP Publishing}
}


@article{podsiadlowski2004effects,
  title={The effects of binary evolution on the dynamics of core collapse and neutron star kicks},
  author={Podsiadlowski, Ph and Langer, N and Poelarends, AJT and Rappaport, S and Heger, A and Pfahl, E},
  journal={The Astrophysical Journal},
  volume={612},
  number={2},
  pages={1044},
  year={2004},
  publisher={IOP Publishing}
}

@article{knigge2011two,
  title={Two populations of X-ray pulsars produced by two types of supernova},
  author={Knigge, Christian and Coe, Malcolm J and Podsiadlowski, Philipp},
  journal={Nature},
  volume={479},
  number={7373},
  pages={372},
  year={2011},
  publisher={Nature Publishing Group}
}

@article{wongwathanarat2013three,
  title={Three-dimensional neutrino-driven supernovae: Neutron star kicks, spins, and asymmetric ejection of nucleosynthesis products},
  author={Wongwathanarat, A and Janka, H-Th and M{\"u}ller, E},
  journal={Astronomy \& Astrophysics},
  volume={552},
  pages={A126},
  year={2013},
  publisher={EDP Sciences}
}


@article{beniamini2016formation,
  title={Formation of double neutron star systems as implied by observations},
  author={Beniamini, Paz and Piran, Tsvi},
  journal={Monthly Notices of the Royal Astronomical Society},
  volume={456},
  number={4},
  pages={4089--4099},
  year={2016},
  publisher={Oxford University Press}
}




@article{verbunt2017new,
  title={A new look at distances and velocities of neutron stars},
  author={Verbunt, Frank and Cator, Eric},
  journal={Journal of Astrophysics and Astronomy},
  volume={38},
  number={3},
  pages={40},
  year={2017},
  publisher={Springer}
}

@article{mason2009high,
  title={The high angular resolution multiplicity of massive stars},
  author={Mason, Brian D and Hartkopf, William I and Gies, Douglas R and Henry, Todd J and Helsel, John W},
  journal={The Astronomical Journal},
  volume={137},
  number={2},
  pages={3358},
  year={2009},
  publisher={IOP Publishing}
}

@article{kiminki2012updated,
  title={An updated look at binary characteristics of massive stars in the Cygnus OB2 association},
  author={Kiminki, Daniel C and Kobulnicky, Henry A},
  journal={The Astrophysical Journal},
  volume={751},
  number={1},
  pages={4},
  year={2012},
  publisher={IOP Publishing}
}


@article{chini2012spectroscopic,
  title={A spectroscopic survey on the multiplicity of high-mass stars},
  author={Chini, R and Hoffmeister, VH and Nasseri, A and Stahl, O and Zinnecker, H},
  journal={Monthly Notices of the Royal Astronomical Society},
  volume={424},
  number={3},
  pages={1925--1929},
  year={2012},
  publisher={Blackwell Science Ltd Oxford, UK}
}


@article{schwab2010further,
  title={Further evidence for the bimodal distribution of neutron-star masses},
  author={Schwab, Josiah and Podsiadlowski, Ph and Rappaport, Saul},
  journal={The Astrophysical Journal},
  volume={719},
  number={1},
  pages={722},
  year={2010},
  publisher={IOP Publishing}
}


@article{eggleton1983approximations,
  title={Approximations to the radii of Roche lobes},
  author={Eggleton, Peter P},
  journal={The Astrophysical Journal},
  volume={268},
  pages={368},
  year={1983}
}

@article{renzo2017systematic,
  title={Systematic survey of the effects of wind mass loss algorithms on the evolution of single massive stars},
  author={Renzo, Mathieu and Ott, Christian D and Shore, Steven N and de Mink, Selma E},
  journal={Astronomy \& Astrophysics},
  volume={603},
  pages={A118},
  year={2017},
  publisher={EDP Sciences}
}



@ARTICLE{2000A&A...362..295V,
   author = {{Vink}, J.~S. and {de Koter}, A. and {Lamers}, H.~J.~G.~L.~M.
	},
    title = "{New theoretical mass-loss rates of O and B stars}",
  journal = {\aap},
   eprint = {astro-ph/0008183},
 keywords = {STARS: EARLY-TYPE, STARS: MASS-LOSS, STARS: SUPERGIANTS, STARS: WINDS, OUTFLOWS, STARS: EVOLUTION},
     year = 2000,
    month = oct,
   volume = 362,
    pages = {295-309},
   adsurl = {http://adsabs.harvard.edu/abs/2000A%26A...362..295V},
  adsnote = {Provided by the SAO/NASA Astrophysics Data System}
}



@ARTICLE{2001A&A...369..574V,
   author = {{Vink}, J.~S. and {de Koter}, A. and {Lamers}, H.~J.~G.~L.~M.
	},
    title = "{Mass-loss predictions for O and B stars as a function of metallicity}",
  journal = {\aap},
   eprint = {astro-ph/0101509},
 keywords = {STARS: EARLY-TYPE, STARS: MASS-LOSS, STARS: SUPERGIANTS, STARS: WINDS, STARS: EVOLUTION},
     year = 2001,
    month = apr,
   volume = 369,
    pages = {574-588},
      doi = {10.1051/0004-6361:20010127},
   adsurl = {http://adsabs.harvard.edu/abs/2001A%26A...369..574V},
  adsnote = {Provided by the SAO/NASA Astrophysics Data System}
}




@article{hamann1998spectrum,
  title={Spectrum formation in clumped stellar winds: consequences for the analyses of Wolf-Rayet spectra},
  author={Hamann, W-R and Koesterke, Lars},
  journal={Astronomy and Astrophysics},
  volume={335},
  pages={1003--1008},
  year={1998}
}

@article{belczynski2010effect,
  title={The effect of metallicity on the detection prospects for gravitational waves},
  author={Belczynski, Krzysztof and Dominik, Michal and Bulik, Tomasz and O`Shaughnessy, Richard and Fryer, Chris and Holz, Daniel E},
  journal={The Astrophysical Journal Letters},
  volume={715},
  number={2},
  pages={L138},
  year={2010},
  publisher={IOP Publishing}
}

@article{ge2010adiabatic,
  title={Adiabatic mass loss in binary stars. I. Computational method},
  author={Ge, Hongwei and Hjellming, Michael S and Webbink, Ronald F and Chen, Xuefei and Han, Zhanwen},
  journal={The Astrophysical Journal},
  volume={717},
  number={2},
  pages={724},
  year={2010},
  publisher={IOP Publishing}
}


@article{ge2015adiabatic,
  title={Adiabatic mass loss in binary stars. II. From zero-age main sequence to the base of the giant branch},
  author={Ge, Hongwei and Webbink, Ronald F and Chen, Xuefei and Han, Zhanwen},
  journal={The Astrophysical Journal},
  volume={812},
  number={1},
  pages={40},
  year={2015},
  publisher={IOP Publishing}
}




@ARTICLE{1997A&A...327..620S,
   author = {{Soberman}, G.~E. and {Phinney}, E.~S. and {van den Heuvel}, E.~P.~J.
	},
    title = "{Stability criteria for mass transfer in binary stellar evolution.}",
  journal = {\aap},
   eprint = {astro-ph/9703016},
 keywords = {CLOSE BINARIES, TIDAL INTERACTION, MASS TRANSFER},
     year = 1997,
    month = nov,
   volume = 327,
    pages = {620-635},
   adsurl = {http://adsabs.harvard.edu/abs/1997A%26A...327..620S},
  adsnote = {Provided by the SAO/NASA Astrophysics Data System}
}


@article{hjellming1987thresholds,
  title={Thresholds for rapid mass transfer in binary systems. I-Polytropic models},
  author={Hjellming, Michael S and Webbink, Ronald F},
  journal={The Astrophysical Journal},
  volume={318},
  pages={794--808},
  year={1987}
}



@article{claeys2014theoretical,
  title={Theoretical uncertainties of the Type Ia supernova rate},
  author={Claeys, JSW and Pols, OR and Izzard, RG and Vink, J and Verbunt, FWM},
  journal={Astronomy \& Astrophysics},
  volume={563},
  pages={A83},
  year={2014},
  publisher={EDP Sciences}
}


@article{murguia2017accretion,
  title={Accretion Disk Assembly During Common Envelope Evolution: Implications for Feedback and LIGO Binary Black Hole Formation},
  author={Murguia-Berthier, Ariadna and MacLeod, Morgan and Ramirez-Ruiz, Enrico and Antoni, Andrea and Macias, Phillip},
  journal={The Astrophysical Journal},
  volume={845},
  number={2},
  pages={173},
  year={2017},
  publisher={IOP Publishing}
}

@article{macleod2017common,
  title={Common Envelope Wind Tunnel: Coefficients of Drag and Accretion in a Simplified Context for Studying Flows around Objects Embedded within Stellar Envelopes},
  author={MacLeod, Morgan and Antoni, Andrea and Murguia-Berthier, Ariadna and Macias, Phillip and Ramirez-Ruiz, Enrico},
  journal={The Astrophysical Journal},
  volume={838},
  number={1},
  pages={56},
  year={2017},
  publisher={IOP Publishing}
}



@INPROCEEDINGS{1976IAUS...73...75P,
   author = {{Paczynski}, B.},
    title = "{Common Envelope Binaries}",
booktitle = {Structure and Evolution of Close Binary Systems},
     year = 1976,
   series = {IAU Symposium},
   volume = 73,
   editor = {{Eggleton}, P. and {Mitton}, S. and {Whelan}, J.},
    pages = {75},
   adsurl = {http://adsabs.harvard.edu/abs/1976IAUS...73...75P},
  adsnote = {Provided by the SAO/NASA Astrophysics Data System}
}


@article{ivanova2013common,
  title={Common envelope evolution: where we stand and how we can move forward},
  author={Ivanova, N and Justham, S and Chen, X and De Marco, O and Fryer, CL and Gaburov, E and Ge, H and Glebbeek, E and Han, Z and Li, X-D and others},
  journal={The Astronomy and Astrophysics Review},
  volume={21},
  number={1},
  pages={59},
  year={2013},
  publisher={Springer}
}

@article{kalogera2007formation,
  title={Formation of double compact objects},
  author={Kalogera, Vassiliki and Belczynski, K and Kim, Chunglee and O`Shaughnessy, R and Willems, B},
  journal={Physics Reports},
  volume={442},
  number={1-6},
  pages={75--108},
  year={2007},
  publisher={Elsevier}
}

@article{abbott2016astrophysical,
  title={Astrophysical implications of the binary black hole merger GW150914},
  author={Abbott, BP and Abbott, R and Abbott, TD and Abernathy, MR and Acernese, F and Ackley, K and Adams, C and Adams, T and Addesso, P and Adhikari, RX and others},
  journal={The Astrophysical Journal Letters},
  volume={818},
  number={2},
  pages={L22},
  year={2016},
  publisher={IOP Publishing}
}

@article{iben1993common,
  title={Common envelopes in binary star evolution},
  author={Iben, Icko and Livio, Mario},
  journal={Publications of the Astronomical Society of the Pacific},
  volume={105},
  number={694},
  pages={1373},
  year={1993},
  publisher={IOP Publishing}
}

@article{taam2000common,
  title={Common envelope evolution of massive binary stars},
  author={Taam, Ronald E and Sandquist, Eric L},
  journal={Annual Review of Astronomy and Astrophysics},
  volume={38},
  number={1},
  pages={113--141},
  year={2000},
  publisher={Annual Reviews 4139 El Camino Way, PO Box 10139, Palo Alto, CA 94303-0139, USA}
}

@article{taam2010common,
  title={Common envelope evolution},
  author={Taam, Ronald E and Ricker, Paul M},
  journal={New Astronomy Reviews},
  volume={54},
  number={3-6},
  pages={65--71},
  year={2010},
  publisher={Elsevier}
}

@article{webbink1984double,
  title={Double white dwarfs as progenitors of R Coronae Borealis stars and Type I supernovae},
  author={Webbink, RF},
  journal={The Astrophysical Journal},
  volume={277},
  pages={355--360},
  year={1984}
}

@article{de1990common,
  title={Common envelope evolution and double cores of planetary nebulae},
  author={De Kool, M},
  journal={The Astrophysical Journal},
  volume={358},
  pages={189--195},
  year={1990}
}
@article{xu2010binding,
  title={On the binding energy parameter $\lambda$ of common envelope evolution},
  author={Xu, Xiao-Jie and Li, Xiang-Dong},
  journal={The Astrophysical Journal},
  volume={716},
  number={1},
  pages={114},
  year={2010},
  publisher={IOP Publishing}
}


@article{woosley2017pulsational,
  title={Pulsational pair-instability supernovae},
  author={Woosley, SE},
  journal={The Astrophysical Journal},
  volume={836},
  number={2},
  pages={244},
  year={2017},
  publisher={IOP Publishing}
}

@article{fowler1964neutrino,
  title={Neutrino Processes and Pair Formation in Massive Stars and Supernovae.},
  author={Fowler, William A and Hoyle, Fred},
  journal={The Astrophysical Journal Supplement Series},
  volume={9},
  pages={201},
  year={1964}
}
@article{rakavy1967carbon,
  title={Carbon and oxygen burning stars and pre-supernova models},
  author={Rakavy, G and Shaviv, G and Zinamon, Z},
  journal={The Astrophysical Journal},
  volume={150},
  pages={131},
  year={1967}
}

@article{barkat1967dynamics,
  title={Dynamics of supernova explosion resulting from pair formation},
  author={Barkat, Z and Rakavy, G and Sack, N},
  journal={Physical Review Letters},
  volume={18},
  number={10},
  pages={379},
  year={1967},
  publisher={APS}
}


@article{belczynski2016effect,
  title={The effect of pair-instability mass loss on black-hole mergers},
  author={Belczynski, K and Heger, Alex and Gladysz, W and Ruiter, AJ and Woosley, S and Wiktorowicz, G and Chen, H-Y and Bulik, T and Oâ€™Shaughnessy, R and Holz, DE and others},
  journal={Astronomy \& Astrophysics},
  volume={594},
  pages={A97},
  year={2016},
  publisher={EDP Sciences}
}

@article{kovetz2017black,
  title={Black hole mass function from gravitational wave measurements},
  author={Kovetz, Ely D and Cholis, Ilias and Breysse, Patrick C and Kamionkowski, Marc},
  journal={Physical Review D},
  volume={95},
  number={10},
  pages={103010},
  year={2017},
  publisher={APS}
}


@article{vitale2017use,
  title={Use of gravitational waves to probe the formation channels of compact binaries},
  author={Vitale, Salvatore and Lynch, Ryan and Sturani, Riccardo and Graff, Philip},
  journal={Classical and Quantum Gravity},
  volume={34},
  number={3},
  pages={03LT01},
  year={2017},
  publisher={IOP Publishing}
}

@article{talbot2018measuring,
  title={Measuring the binary black hole mass spectrum with an astrophysically motivated parameterization},
  author={Talbot, Colm and Thrane, Eric},
  journal={arXiv preprint arXiv:1801.02699},
  year={2018}
}

@article{kolb1993model,
  title={A model for the intrinsic population of cataclysmic variables},
  author={Kolb, Ulrich},
  journal={Astronomy and Astrophysics},
  volume={271},
  pages={149},
  year={1993}
}

@article{politano1996theoretical,
  title={Theoretical statistics of zero-age cataclysmic variables},
  author={Politano, Michael},
  journal={The Astrophysical Journal},
  volume={465},
  pages={338},
  year={1996}
}

@article{kalogera1996orbital,
  title={Orbital characteristics of binary systems after asymmetric supernova explosions},
  author={Kalogera, Vassiliki},
  journal={The Astrophysical Journal},
  volume={471},
  number={1},
  pages={352},
  year={1996},
  publisher={IOP Publishing}
}


@article{kalogera1998formation,
  title={Formation of low-mass X-ray binaries. II. Common envelope evolution of primordial binaries with extreme mass ratios},
  author={Kalogera, Vassiliki and Webbink, Ronald F},
  journal={The Astrophysical Journal},
  volume={493},
  number={1},
  pages={351},
  year={1998},
  publisher={IOP Publishing}
}

@article{kalogera2000spin,
  title={Spin-orbit misalignment in close binaries with two compact objects},
  author={Kalogera, Vassiliki},
  journal={The Astrophysical Journal},
  volume={541},
  number={1},
  pages={319},
  year={2000},
  publisher={IOP Publishing}
}





@article{kahn1951estimation,
  title={Estimation of particle transmission by random sampling},
  author={Kahn, Herman and Harris, Theodore E},
  journal={National Bureau of Standards applied mathematics series},
  volume={12},
  pages={27--30},
  year={1951}
}


@article{cornuet2012adaptive,
  title={Adaptive multiple importance sampling},
  author={Cornuet, Jean-Marie and Marin, Jean-Michel and Mira, Antonietta and Robert, Christian P},
  journal={Scandinavian Journal of Statistics},
  volume={39},
  number={4},
  pages={798--812},
  year={2012},
  publisher={Wiley Online Library}
}


@article{cappe2004population,
  title={Population monte carlo},
  author={Capp{\'e}, Olivier and Guillin, Arnaud and Marin, Jean-Michel and Robert, Christian P},
  journal={Journal of Computational and Graphical Statistics},
  volume={13},
  number={4},
  pages={907--929},
  year={2004},
  publisher={Taylor \& Francis}
}



@article{von1951monte,
  title={Monte carlo method},
  author={Von Neumann, John and Ulam, Stanislav},
  journal={National Bureau of Standards Applied Mathematics Series},
  volume={12},
  pages={36},
  year={1951}
}


@article{smarr1976binary,
  title={The binary pulsar-Physical processes, possible companions, and evolutionary histories},
  author={Smarr, LL and Blandford, R},
  journal={The Astrophysical Journal},
  volume={207},
  pages={574--588},
  year={1976}
}


@article{bisnovatyi1974pulsars,
  title={Pulsars and close binary systems},
  author={Bisnovatyi-Kogan, GS and Komberg, BV},
  journal={Soviet Astronomy},
  volume={18},
  pages={217},
  year={1974}
}

@article{wheeler1974neutron,
  title={Neutron stars in close binary systems},
  author={Wheeler, J Craig and McKee, CF and Lecar, M},
  journal={The Astrophysical Journal},
  volume={192},
  pages={L71},
  year={1974}
}

@article{narayan1991neutron,
  title={Neutron star and black hole binaries in the Galaxy},
  author={Narayan, Ramesh and Piran, Tsvi and Shemi, Amotz},
  journal={The Astrophysical Journal},
  volume={379},
  pages={L17--L20},
  year={1991}
}


@article{voss2003galactic,
  title={Galactic distribution of merging neutron stars and black holes--prospects for short gamma-ray burst progenitors and LIGO/VIRGO},
  author={Voss, Rasmus and Tauris, Thomas M},
  journal={Monthly Notices of the Royal Astronomical Society},
  volume={342},
  number={4},
  pages={1169--1184},
  year={2003},
  publisher={Blackwell Science Ltd Oxford, UK}
}

@article{bethe1998evolution,
  title={Evolution of binary compact objects that merge},
  author={Bethe, Hans A and Brown, GE},
  journal={The Astrophysical Journal},
  volume={506},
  number={2},
  pages={780},
  year={1998},
  publisher={IOP Publishing}
}




@article{mandel2018merging,
  title={Merging stellar-mass binary black holes},
  author={Mandel, Ilya and Farmer, Alison},
  journal={arXiv preprint arXiv:1806.05820},
  year={2018}
}

@article{foucart2018remnant,
  title={Remnant baryon mass outside of the black hole after a neutron star-black hole merger},
  author={Foucart, Francois and Hinderer, Tanja and Nissanke, Samaya},
  journal={arXiv preprint arXiv:1807.00011},
  year={2018}
}


@article{foucart2012black,
  title={Black-hole--neutron-star mergers: Disk mass predictions},
  author={Foucart, Francois},
  journal={Physical Review D},
  volume={86},
  number={12},
  pages={124007},
  year={2012},
  publisher={APS}
}

@article{pannarale2011will,
  title={Will black hole-neutron star binary inspirals tell us about the neutron star equation of state?},
  author={Pannarale, Francesco and Rezzolla, Luciano and Ohme, Frank and Read, Jocelyn S},
  journal={Physical Review D},
  volume={84},
  number={10},
  pages={104017},
  year={2011},
  publisher={APS}
}


@article{pannarale2014prospects,
  title={Prospects for Joint Gravitational-wave and Electromagnetic Observations of Neutron-star-Black-hole Coalescing Binaries},
  author={Pannarale, Francesco and Ohme, Frank},
  journal={The Astrophysical Journal Letters},
  volume={791},
  number={1},
  pages={L7},
  year={2014},
  publisher={IOP Publishing}
}


@article{crowther2007physical,
  title={Physical properties of Wolf-Rayet stars},
  author={Crowther, Paul A},
  journal={Annu. Rev. Astron. Astrophys.},
  volume={45},
  pages={177--219},
  year={2007},
  publisher={Annual Reviews}
}

@article{langer1994towards,
  title={Towards an understanding of very massive stars. A new evolutionary scenario relating O stars, LBVs and Wolf-Rayet stars.},
  author={Langer, N and Hamann, W-R and Lennon, M and Najarro, F and Pauldrach, AWA and Puls, J},
  journal={Astronomy and Astrophysics},
  volume={290},
  pages={819--833},
  year={1994}
}

@article{ozel2016dense,
  title={The dense matter equation of state from neutron star radius and mass measurements},
  author={{\"O}zel, Feryal and Psaltis, Dimitrios and G{\"u}ver, Tolga and Baym, Gordon and Heinke, Craig and Guillot, Sebastien},
  journal={The Astrophysical Journal},
  volume={820},
  number={1},
  pages={28},
  year={2016},
  publisher={IOP Publishing}
}

@article{lattimer2012nuclear,
  title={The nuclear equation of state and neutron star masses},
  author={Lattimer, James M},
  journal={Annual Review of Nuclear and Particle Science},
  volume={62},
  pages={485--515},
  year={2012},
  publisher={Annual Reviews}
}


@article{ozel2016masses,
  title={Masses, radii, and the equation of state of neutron stars},
  author={{\"O}zel, Feryal and Freire, Paulo},
  journal={Annual Review of Astronomy and Astrophysics},
  volume={54},
  pages={401--440},
  year={2016},
  publisher={Annual Reviews}
}


@article{veitch2012estimating,
  title={Estimating parameters of coalescing compact binaries with proposed advanced detector networks},
  author={Veitch, J and Mandel, I and Aylott, B and Farr, B and Raymond, V and Rodriguez, C and Van Der Sluys, M and Kalogera, V and Vecchio, A},
  journal={Physical Review D},
  volume={85},
  number={10},
  pages={104045},
  year={2012},
  publisher={APS}
}

@article{veitch2015parameter,
  title={Parameter estimation for compact binaries with ground-based gravitational-wave observations using the LALInference software library},
  author={Veitch, John and Raymond, Vivien and Farr, Benjamin and Farr, W and Graff, Philip and Vitale, Salvatore and Aylott, Ben and Blackburn, Kent and Christensen, Nelson and Coughlin, Michael and others},
  journal={Physical Review D},
  volume={91},
  number={4},
  pages={042003},
  year={2015},
  publisher={APS}
}


@article{cutler1994gravitational,
  title={Gravitational waves from merging compact binaries: How accurately can one extract the binaryâ€™s parameters from the inspiral waveform?},
  author={Cutler, Curt and Flanagan, Eanna E},
  journal={Physical Review D},
  volume={49},
  number={6},
  pages={2658},
  year={1994},
  publisher={APS}
}


@article{aasi2015advanced,
  title={Advanced ligo},
  author={Aasi, Junaid and Abbott, BP and Abbott, Richard and Abbott, Thomas and Abernathy, MR and Ackley, Kendall and Adams, Carl and Adams, Thomas and Addesso, Paolo and Adhikari, RX and others},
  journal={Classical and quantum gravity},
  volume={32},
  number={7},
  pages={074001},
  year={2015},
  publisher={IOP Publishing}
}

@article{acernese2014advanced,
  title={Advanced Virgo: a second-generation interferometric gravitational wave detector},
  author={Acernese, F and Agathos, M and Agatsuma, K and Aisa, D and Allemandou, N and Allocca, A and Amarni, J and Astone, P and Balestri, G and Ballardin, G and others},
  journal={Classical and Quantum Gravity},
  volume={32},
  number={2},
  pages={024001},
  year={2014},
  publisher={IOP Publishing}
}

@article{abbott2017multi,
  title={Multi-messenger observations of a binary neutron star merger},
  author={Abbott, BP and Abbott, R and Adhikari, RX and Ananyeva, A and Anderson, SB and Appert, S and Arai, K and Araya, MC and Barayoga, JC and Barish, BC and others},
  journal={Astrophysical Journal Letters},
  volume={848},
  number={2},
  pages={L12},
  year={2017},
  publisher={American Astronomical Society}
}





@article{abbott2016binary,
  title={Binary black hole mergers in the first advanced LIGO observing run},
  author={Abbott, BP and Abbott, R and Abbott, TD and Abernathy, MR and Acernese, F and Ackley, K and Adams, C and Adams, T and Addesso, P and Adhikari, RX and others},
  journal={Physical Review X},
  volume={6},
  number={4},
  pages={041015},
  year={2016},
  publisher={APS}
}



@article{abbott2016gw151226,
  title={GW151226: Observation of gravitational waves from a 22-solar-mass binary black hole coalescence},
  author={Abbott, BP and Abbott, R and Abbott, TD and Abernathy, MR and Acernese, F and Ackley, K and Adams, C and Adams, T and Addesso, P and Adhikari, RX and others},
  journal={Physical Review Letters},
  volume={116},
  number={24},
  pages={241103},
  year={2016},
  publisher={APS}
}




@article{Abbott:2017vtc,
      author         = "Abbott, Benjamin P. and others",
      title          = "{GW170104: Observation of a 50-Solar-Mass Binary Black
                        Hole Coalescence at Redshift 0.2}",
      collaboration  = "VIRGO, LIGO Scientific",
      journal        = "Phys. Rev. Lett.",
      volume         = "118",
      year           = "2017",
      number         = "22",
      pages          = "221101",
      doi            = "10.1103/PhysRevLett.118.221101",
      eprint         = "1706.01812",
      archivePrefix  = "arXiv",
      primaryClass   = "gr-qc",
      reportNumber   = "LIGO-P170104",
      SLACcitation   = "%%CITATION = ARXIV:1706.01812;%%"
}

@article{abbott2017gw170608,
  title={GW170608: Observation of a 19 solar-mass binary black hole coalescence},
  author={Abbott, BP and Abbott, R and Abbott, TD and Acernese, F and Ackley, K and Adams, C and Adams, T and Addesso, P and Adhikari, RX and Adya, VB and others},
  journal={The Astrophysical Journal Letters},
  volume={851},
  number={2},
  pages={L35},
  year={2017},
  publisher={IOP Publishing}
}


@article{abbott2017gw170814,
  title={GW170814: a three-detector observation of gravitational waves from a binary black hole coalescence},
  author={Abbott, Benjamin P and Abbott, R and Abbott, TD and Acernese, F and Ackley, K and Adams, C and Adams, T and Addesso, P and Adhikari, RX and Adya, VB and others},
  journal={Physical review letters},
  volume={119},
  number={14},
  pages={141101},
  year={2017},
  publisher={APS}
}

@article{Dewi:2006bx,
      author         = "Dewi, Jasinta D. M. and Podsiadlowski, Ph. and Sena, A.",
      title          = "{Double-core evolution and the formation of neutron-star
                        binaries with compact companions}",
      journal        = "Mon. Not. Roy. Astron. Soc.",
      volume         = "368",
      year           = "2006",
      pages          = "1742-1748",
      doi            = "10.1111/j.1365-2966.2006.10233.x",
      eprint         = "astro-ph/0602510",
      archivePrefix  = "arXiv",
      primaryClass   = "astro-ph",
      SLACcitation   = "%%CITATION = ASTRO-PH/0602510;%%"
}



@ARTICLE{1995ApJ...440..270B,
   author = {{Brown}, G.~E.},
    title = "{Neutron star accretion and binary pulsar formation}",
  journal = {\apj},
 keywords = {Accretion Disks, Astronomical Models, Binary Stars, Black Holes (Astronomy), Neutron Stars, Pulsars, Star Formation, Stellar Mass Accretion, Mathematical Models, Stellar Envelopes, Stellar Orbits},
     year = 1995,
    month = feb,
   volume = 440,
    pages = {270-279},
      doi = {10.1086/175268},
   adsurl = {http://adsabs.harvard.edu/abs/1995ApJ...440..270B},
  adsnote = {Provided by the SAO/NASA Astrophysics Data System}
}

@article{Belczynski:2000wr,
      author         = "Belczynski, Krzysztof and Kalogera, Vassiliki",
      title          = "{A New formation channel for double neutron stars without
                        recycling: Implications for gravitational wave detection}",
      journal        = "Astrophys. J.",
      volume         = "550",
      year           = "2001",
      pages          = "L183-L187",
      doi            = "10.1086/319641",
      eprint         = "astro-ph/0012172",
      archivePrefix  = "arXiv",
      primaryClass   = "astro-ph",
      SLACcitation   = "%%CITATION = ASTRO-PH/0012172;%%"
}

@article{Narayan:1991fn,
      author         = "Narayan, Ramesh and Piran, Tsvi and Shemi, Amotz",
      title          = "{Neutron star and black hole binaries in the galaxy}",
      journal        = "Astrophys. J.",
      volume         = "379",
      year           = "1991",
      pages          = "L17-L20",
      doi            = "10.1086/186143",
      reportNumber   = "CFA-3263",
      SLACcitation   = "%%CITATION = ASJOA,379,L17;%%"
}

@article{Bethe:1998bn,
      author         = "Bethe, Hans A. and Brown, G. E.",
      title          = "{Evolution of binary compact objects which merge}",
      journal        = "Astrophys. J.",
      volume         = "506",
      year           = "1998",
      pages          = "780-789",
      doi            = "10.1086/306265",
      eprint         = "astro-ph/9802084",
      archivePrefix  = "arXiv",
      primaryClass   = "astro-ph",
      reportNumber   = "SUNY-NTG-98-4",
      SLACcitation   = "%%CITATION = ASTRO-PH/9802084;%%"
}


@article{King:1999ug,
      author         = "King, Andrew R. and Taam, Ronald E. and Begelman,
                        Mitchell C.",
      title          = "{The evolutionary status of ss433}",
      journal        = "Astrophys. J.",
      volume         = "530",
      year           = "2000",
      pages          = "L25",
      doi            = "10.1086/312475",
      eprint         = "astro-ph/9912396",
      archivePrefix  = "arXiv",
      primaryClass   = "astro-ph",
      SLACcitation   = "%%CITATION = ASTRO-PH/9912396;%%"
}

@article{Heuvel:2017sfe,
      author         = "van den Heuvel, E. P. J. and Portegies Zwart, S. F. and
                        de Mink, S. E.",
      title          = "{Forming short-period Wolfâ€“Rayet X-ray binaries and
                        double black holes through stable mass transfer}",
      journal        = "Mon. Not. Roy. Astron. Soc.",
      volume         = "471",
      year           = "2017",
      number         = "4",
      pages          = "4256-4264",
      doi            = "10.1093/mnras/stx1430",
      eprint         = "1701.02355",
      archivePrefix  = "arXiv",
      primaryClass   = "astro-ph.SR",
      SLACcitation   = "%%CITATION = ARXIV:1701.02355;%%"
}


@article{doi:10.1046/j.1365-8711.1999.02862.x,
author = {King, A. R. and Ritter, H.},
title = {Cygnus X-2, super-Eddington mass transfer, and pulsar binaries},
journal = {Monthly Notices of the Royal Astronomical Society},
volume = {309},
number = {1},
pages = {253-260},
year = {1999},
doi = {10.1046/j.1365-8711.1999.02862.x},
URL = {http://dx.doi.org/10.1046/j.1365-8711.1999.02862.x},
eprint = {/oup/backfile/content_public/journal/mnras/309/1/10.1046/j.1365-8711.1999.02862.x/2/309-1-253.pdf}
}


@ARTICLE{2018MNRAS.474.2959G,
   author = {{Giacobbo}, N. and {Mapelli}, M. and {Spera}, M.},
    title = "{Merging black hole binaries: the effects of progenitor's metallicity, mass-loss rate and Eddington factor}",
  journal = {\mnras},
archivePrefix = "arXiv",
   eprint = {1711.03556},
 primaryClass = "astro-ph.SR",
 keywords = {black hole physics, gravitational waves, methods: numerical, binaries: general, stars: black holes, stars: mass-loss},
     year = 2018,
    month = mar,
   volume = 474,
    pages = {2959-2974},
      doi = {10.1093/mnras/stx2933},
   adsurl = {http://adsabs.harvard.edu/abs/2018MNRAS.474.2959G},
  adsnote = {Provided by the SAO/NASA Astrophysics Data System}
}





@ARTICLE{1964PhRv..136.1224P,
   author = {{Peters}, P.~C.},
    title = "{Gravitational Radiation and the Motion of Two Point Masses}",
  journal = {Physical Review},
     year = 1964,
    month = nov,
   volume = 136,
    pages = {1224-1232},
      doi = {10.1103/PhysRev.136.B1224},
   adsurl = {http://adsabs.harvard.edu/abs/1964PhRv..136.1224P},
  adsnote = {Provided by the SAO/NASA Astrophysics Data System}
}


@article{Belczynski:2016obo,
      author         = "Belczynski, Krzysztof and Holz, Daniel E. and Bulik,
                        Tomasz and O'Shaughnessy, Richard",
      title          = "{The first gravitational-wave source from the isolated
                        evolution of two 40-100 Msun stars}",
      journal        = "Nature",
      volume         = "534",
      year           = "2016",
      pages          = "512",
      doi            = "10.1038/nature18322",
      eprint         = "1602.04531",
      archivePrefix  = "arXiv",
      primaryClass   = "astro-ph.HE",
      SLACcitation   = "%%CITATION = ARXIV:1602.04531;%%"
}


@article{Lamberts:2016txh,
      author         = "Lamberts, A. and Garrison-Kimmel, Shea and Clausen, Drew
                        R. and Hopkins, Philip F.",
      title          = "{When and where did GW150914 form?}",
      journal        = "Mon. Not. Roy. Astron. Soc.",
      volume         = "463",
      year           = "2016",
      number         = "1",
      pages          = "L31-L35",
      doi            = "10.1093/mnrasl/slw152",
      eprint         = "1605.08783",
      archivePrefix  = "arXiv",
      primaryClass   = "astro-ph.HE",
      SLACcitation   = "%%CITATION = ARXIV:1605.08783;%%"
}


@article{Mapelli:2017hqk,
      author         = "Mapelli, Michela and Giacobbo, Nicola and Ripamonti,
                        Emanuele and Spera, Mario",
      title          = "{The cosmic merger rate of stellar black hole binaries
                        from the Illustris simulation}",
      journal        = "Mon. Not. Roy. Astron. Soc.",
      volume         = "472",
      year           = "2017",
      number         = "2",
      pages          = "2422-2435",
      doi            = "10.1093/mnras/stx2123",
      eprint         = "1708.05722",
      archivePrefix  = "arXiv",
      primaryClass   = "astro-ph.GA",
      SLACcitation   = "%%CITATION = ARXIV:1708.05722;%%"
}




@ARTICLE{2018arXiv180707659E,
   author = {{Eldridge}, J.~J. and {Stanway}, E.~R. and {Tang}, P.~N.},
    title = "{A consistent estimate for Gravitational Wave and Electromagnetic transient rates}",
  journal = {ArXiv e-prints},
archivePrefix = "arXiv",
   eprint = {1807.07659},
 primaryClass = "astro-ph.HE",
 keywords = {Astrophysics - High Energy Astrophysical Phenomena, Astrophysics - Astrophysics of Galaxies, Astrophysics - Solar and Stellar Astrophysics},
     year = 2018,
    month = jul,
   adsurl = {http://adsabs.harvard.edu/abs/2018arXiv180707659E},
  adsnote = {Provided by the SAO/NASA Astrophysics Data System}
}


@article{tutukov1993merger,
  title={The merger rate of neutron star and black hole binaries},
  author={Tutukov, AV and Yungelson, LR},
  journal={Monthly Notices of the Royal Astronomical Society},
  volume={260},
  number={3},
  pages={675--678},
  year={1993},
  publisher={Oxford University Press Oxford, UK}
}



@article{Bethe:1998th,
      author         = "Bethe, Hans A. and Brown, G. E.",
      title          = "{Contribution of high-mass black holes to mergers of
                        compact binaries}",
      journal        = "Astrophys. J.",
      volume         = "517",
      year           = "1999",
      pages          = "318",
      doi            = "10.1086/307174",
      eprint         = "astro-ph/9805355",
      archivePrefix  = "arXiv",
      primaryClass   = "astro-ph",
      SLACcitation   = "%%CITATION = ASTRO-PH/9805355;%%"
}


@article{Pfahl:2005cn,
      author         = "Pfahl, Eric and Podsiadlowski, Philipp and Rappaport,
                        Saul",
      title          = "{Relativistic binary pulsars with black-hole companions}",
      journal        = "Astrophys. J.",
      volume         = "628",
      year           = "2005",
      pages          = "343-352",
      doi            = "10.1086/430515",
      eprint         = "astro-ph/0502122",
      archivePrefix  = "arXiv",
      primaryClass   = "astro-ph",
      SLACcitation   = "%%CITATION = ASTRO-PH/0502122;%%"
}



@ARTICLE{1994ApJ...423L.121L,
   author = {{Lipunov}, V.~M. and {Postnov}, K.~A. and {Prokhorov}, M.~E. and 
	{Osminkin}, E.~Y.},
    title = "{Binary Radiopulsars with Black Holes}",
  journal = {\apjl},
 keywords = {BLACK HOLE PHYSICS, STARS: BINARIES: GENERAL, STARS: EVOLUTION, STARS: PULSARS: GENERAL},
     year = 1994,
    month = mar,
   volume = 423,
    pages = {L121},
      doi = {10.1086/187251},
   adsurl = {http://adsabs.harvard.edu/abs/1994ApJ...423L.121L},
  adsnote = {Provided by the SAO/NASA Astrophysics Data System}
}


@article{Lipunov:2005sv,
      author         = "Lipunov, V. M. and Bogomazov, A. I. and Abubekerov, M.
                        K.",
      title          = "{How is binary radio-pulsars with black holes population
                        rich?}",
      journal        = "Mon. Not. Roy. Astron. Soc.",
      volume         = "359",
      year           = "2005",
      pages          = "1517-1523",
      doi            = "10.1111/j.1365-2966.2005.08997.x",
      eprint         = "astro-ph/0503341",
      archivePrefix  = "arXiv",
      primaryClass   = "astro-ph",
      SLACcitation   = "%%CITATION = ASTRO-PH/0503341;%%"
}


@article{Sipior:2002gs,
      author         = "Sipior, Michael S. and Sigurdsson, Steinn",
      title          = "{Nova Sco and coalescing low mass black hole binaries as
                        LIGO sources}",
      journal        = "Astrophys. J.",
      volume         = "572",
      year           = "2002",
      pages          = "962-970",
      doi            = "10.1086/340370",
      eprint         = "astro-ph/0202385",
      archivePrefix  = "arXiv",
      primaryClass   = "astro-ph",
      SLACcitation   = "%%CITATION = ASTRO-PH/0202385;%%"
}

@article{doi:10.1046/j.1365-8711.2003.06616.x,
author = {Voss, R. and Tauris, T. M.},
title = {Galactic distribution of merging neutron stars and black holes â€“ prospects for short gamma-ray burst progenitors and LIGO/VIRGO},
journal = {Monthly Notices of the Royal Astronomical Society},
volume = {342},
number = {4},
pages = {1169-1184},
year = {2003},
doi = {10.1046/j.1365-8711.2003.06616.x},
URL = {http://dx.doi.org/10.1046/j.1365-8711.2003.06616.x},
eprint = {/oup/backfile/content_public/journal/mnras/342/4/10.1046/j.1365-8711.2003.06616.x/2/342-4-1169.pdf}
}


@article{doi:10.1111/j.1365-2966.2004.08373.x,
author = {Sipior, M. S. and Zwart, S. Portegies and Nelemans, G.},
title = {Recycled pulsars with black hole companions: the high-mass analogues of PSR B2303+46},
journal = {Monthly Notices of the Royal Astronomical Society},
volume = {354},
number = {4},
pages = {L49-L53},
year = {2004},
doi = {10.1111/j.1365-2966.2004.08373.x},
URL = {http://dx.doi.org/10.1111/j.1365-2966.2004.08373.x},
eprint = {/oup/backfile/content_public/journal/mnras/354/4/10.1111/j.1365-2966.2004.08373.x/2/354-4-l49.pdf}
}


@article{Liu:2014uka,
      author         = "Liu, K. and Eatough, R. P. and Wex, N. and Kramer, M.",
      title          = "{Pulsarâ€“black hole binaries: prospects for new gravity
                        tests with future radio telescopes}",
      journal        = "Mon. Not. Roy. Astron. Soc.",
      volume         = "445",
      year           = "2014",
      number         = "3",
      pages          = "3115-3132",
      doi            = "10.1093/mnras/stu1913",
      eprint         = "1409.3882",
      archivePrefix  = "arXiv",
      primaryClass   = "astro-ph.GA",
      SLACcitation   = "%%CITATION = ARXIV:1409.3882;%%"
}

@article{Belczynski:2006br,
      author         = "Belczynski, Krzysztof and Perna, Rosalba and Bulik,
                        Tomasz and Kalogera, Vassiliki and Ivanova, Natalia and
                        Lamb, Donald Q.",
      title          = "{A study of compact object mergers as short gamma-ray
                        burst progenitors}",
      journal        = "Astrophys. J.",
      volume         = "648",
      year           = "2006",
      pages          = "1110-1116",
      doi            = "10.1086/505169",
      eprint         = "astro-ph/0601458",
      archivePrefix  = "arXiv",
      primaryClass   = "astro-ph",
      SLACcitation   = "%%CITATION = ASTRO-PH/0601458;%%"
}

@article{Belczynski:2001qx,
      author         = "Belczynski, Krzysztof and Bulik, Tomasz and Rudak,
                        Bronislaw",
      title          = "{Study of gamma-ray burst binary progenitors}",
      journal        = "Astrophys. J.",
      volume         = "571",
      year           = "2002",
      pages          = "394",
      doi            = "10.1086/339860",
      eprint         = "astro-ph/0112122",
      archivePrefix  = "arXiv",
      primaryClass   = "astro-ph",
      SLACcitation   = "%%CITATION = ASTRO-PH/0112122;%%"
}

@article{doi:10.1111/j.1365-2966.2011.19019.x,
author = {Faucher-Gigu{\`e}re, Claude-Andr{\'e} and Loeb, Abraham},
title = {Pulsarâ€“black hole binaries in the Galactic Centre},
journal = {Monthly Notices of the Royal Astronomical Society},
volume = {415},
number = {4},
pages = {3951-3961},
year = {2011},
doi = {10.1111/j.1365-2966.2011.19019.x},
URL = {http://dx.doi.org/10.1111/j.1365-2966.2011.19019.x},
eprint = {/oup/backfile/content_public/journal/mnras/415/4/10.1111/j.1365-2966.2011.19019.x/2/mnras0415-3951.pdf}
}


@article{Belczynski:2001uc,
      author         = "Belczynski, Krzysztof and Kalogera, Vassiliki and Bulik,
                        Tomasz",
      title          = "{A Comprehensive study of binary compact objects as
                        gravitational wave sources: Evolutionary channels, rates,
                        and physical properties}",
      journal        = "Astrophys. J.",
      volume         = "572",
      year           = "2001",
      pages          = "407-431",
      doi            = "10.1086/340304",
      eprint         = "astro-ph/0111452",
      archivePrefix  = "arXiv",
      primaryClass   = "astro-ph",
      SLACcitation   = "%%CITATION = ASTRO-PH/0111452;%%"
}


@article{KRAMER2004993,
title = "Strong-field tests of gravity using pulsars and black holes",
journal = "New Astronomy Reviews",
volume = "48",
number = "11",
pages = "993 - 1002",
year = "2004",
note = "Science with the Square Kilometre Array",
issn = "1387-6473",
doi = "https://doi.org/10.1016/j.newar.2004.09.020",
url = "http://www.sciencedirect.com/science/article/pii/S1387647304000909",
author = "M. Kramer and D.C. Backer and J.M. Cordes and T.J.W. Lazio and B.W. Stappers and S. Johnston"
}


@article{Wex:1998wt,
      author         = "Wex, N. and Kopeikin, S.",
      title          = "{Frame dragging and other precessional effects in black
                        hole-pulsar binaries}",
      journal        = "Astrophys. J.",
      volume         = "514",
      year           = "1999",
      pages          = "388",
      doi            = "10.1086/306933",
      eprint         = "astro-ph/9811052",
      archivePrefix  = "arXiv",
      primaryClass   = "astro-ph",
      SLACcitation   = "%%CITATION = ASTRO-PH/9811052;%%"
}

@ARTICLE{2004Sci...304..547S,
       author = {{Stairs}, Ingrid H.},
        title = "{Pulsars in Binary Systems: Probing Binary Stellar Evolution and General
        Relativity}",
      journal = {Science},
     keywords = {ASTRONOMY},
         year = 2004,
        month = Apr,
       volume = {304},
        pages = {547-552},
          doi = {10.1126/science.1096986},
       adsurl = {https://ui.adsabs.harvard.edu/#abs/2004Sci...304..547S},
      adsnote = {Provided by the SAO/NASA Astrophysics Data System}
}

@ARTICLE{1975ApJ...198L..27B,
   author = {{Blandford}, R. and {Teukolsky}, S.~A.},
    title = "{On the Measurement of the Mass of PSR 1913+16}",
  journal = {\apjl},
     year = 1975,
    month = may,
   volume = 198,
    pages = {L27},
      doi = {10.1086/181803},
   adsurl = {http://adsabs.harvard.edu/abs/1975ApJ...198L..27B},
  adsnote = {Provided by the SAO/NASA Astrophysics Data System}
}


@ARTICLE{1975SvAL....1....2B,
   author = {{Brumberg}, V.~A. and {Zeldovich}, I.~B. and {Novikov}, I.~D. and 
	{Shakura}, N.~I.},
    title = "{Component masses and inclination of binary systems containing a pulsar, determined from relativistic effects}",
  journal = {Soviet Astronomy Letters},
 keywords = {Binary Stars, Orbital Elements, Pulsars, Relativistic Effects, Stellar Mass, Apsides, Doppler Effect, Frequency Shift, Inclination},
     year = 1975,
    month = feb,
   volume = 1,
    pages = {2-4},
   adsurl = {http://adsabs.harvard.edu/abs/1975SvAL....1....2B},
  adsnote = {Provided by the SAO/NASA Astrophysics Data System}
}


@ARTICLE{1991AcA....41..257P,
   author = {{Paczynski}, B.},
    title = "{Cosmological gamma-ray bursts}",
  journal = {\actaa},
 keywords = {Gamma Ray Bursts, Neutron Stars, Gamma Ray Observatory, Gravitational Lenses, Milky Way Galaxy, Spectral Correlation},
     year = 1991,
   volume = 41,
    pages = {257-267},
   adsurl = {http://adsabs.harvard.edu/abs/1991AcA....41..257P},
  adsnote = {Provided by the SAO/NASA Astrophysics Data System}
}


@article{Li:1998bw,
      author         = "Li, Li-Xin and Paczynski, Bohdan",
      title          = "{Transient events from neutron star mergers}",
      journal        = "Astrophys. J.",
      volume         = "507",
      year           = "1998",
      pages          = "L59",
      doi            = "10.1086/311680",
      eprint         = "astro-ph/9807272",
      archivePrefix  = "arXiv",
      primaryClass   = "astro-ph",
      reportNumber   = "POPE-772",
      SLACcitation   = "%%CITATION = ASTRO-PH/9807272;%%"
}

@ARTICLE{1976ApJ...210..549L,
   author = {{Lattimer}, J.~M. and {Schramm}, D.~N.},
    title = "{The tidal disruption of neutron stars by black holes in close binaries}",
  journal = {\apj},
 keywords = {Binary Stars, Black Holes (Astronomy), Gravitational Effects, Neutron Stars, Tides, X Ray Stars, Collisions, Differential Equations, Orbit Decay, Pulsars, Stellar Mass Ejection, Stellar Models},
     year = 1976,
    month = dec,
   volume = 210,
    pages = {549-567},
      doi = {10.1086/154860},
   adsurl = {http://adsabs.harvard.edu/abs/1976ApJ...210..549L},
  adsnote = {Provided by the SAO/NASA Astrophysics Data System}
}


@article{Kulkarni:2005jw,
      author         = "Kulkarni, S. R.",
      title          = "{Modeling supernova-like explosions associated with
                        gamma-ray bursts with short durations}",
      year           = "2005",
      eprint         = "astro-ph/0510256",
      archivePrefix  = "arXiv",
      primaryClass   = "astro-ph",
      SLACcitation   = "%%CITATION = ASTRO-PH/0510256;%%"
}


@ARTICLE{2010MNRAS.406.2650M,
   author = {{Metzger}, B.~D. and {Mart{\'{\i}}nez-Pinedo}, G. and {Darbha}, S. and 
	{Quataert}, E. and {Arcones}, A. and {Kasen}, D. and {Thomas}, R. and 
	{Nugent}, P. and {Panov}, I.~V. and {Zinner}, N.~T.},
    title = "{Electromagnetic counterparts of compact object mergers powered by the radioactive decay of r-process nuclei}",
  journal = {\mnras},
archivePrefix = "arXiv",
   eprint = {1001.5029},
 primaryClass = "astro-ph.HE",
 keywords = {gravitation, nuclear reactions, nucleosynthesis, abundances, binaries: close, gamma-ray burst: general, stars: neutron, supernovae: general},
     year = 2010,
    month = aug,
   volume = 406,
    pages = {2650-2662},
      doi = {10.1111/j.1365-2966.2010.16864.x},
   adsurl = {http://adsabs.harvard.edu/abs/2010MNRAS.406.2650M},
  adsnote = {Provided by the SAO/NASA Astrophysics Data System}
}





@INPROCEEDINGS{Rosswog:1998gc,
   author = {{Rosswog}, S. and {Thielemann}, F.~K. and {Davies}, M.~B. and 
	{Benz}, W. and {Piran}, T.},
    title = "{Coalescing Neutron Stars: a Solution to the R-Process Problem?}",
booktitle = {Nuclear Astrophysics},
     year = 1998,
   eprint = {astro-ph/9804332},
   editor = {{Hillebrandt}, W. and {Muller}, E.},
    pages = {103},
   adsurl = {http://adsabs.harvard.edu/abs/1998nuas.conf..103R},
  adsnote = {Provided by the SAO/NASA Astrophysics Data System}
}




@ARTICLE{1974ApJ...192L.145L,
   author = {{Lattimer}, J.~M. and {Schramm}, D.~N.},
    title = "{Black-hole-neutron-star collisions}",
  journal = {\apjl},
 keywords = {Astronomical Models, Black Holes (Astronomy), Neutron Stars, Roche Limit, Tides, Collision Parameters, Gravitational Effects, Interstellar Matter, Stellar Mass Ejection},
     year = 1974,
    month = sep,
   volume = 192,
    pages = {L145-L147},
      doi = {10.1086/181612},
   adsurl = {http://adsabs.harvard.edu/abs/1974ApJ...192L.145L},
  adsnote = {Provided by the SAO/NASA Astrophysics Data System}
}


@ARTICLE{1986ApJ...308L..43P,
   author = {{Paczynski}, B.},
    title = "{Gamma-ray bursters at cosmological distances}",
  journal = {\apjl},
 keywords = {Astronomical Models, Cosmology, Distance, Gamma Ray Bursts, Gravitational Lenses, Black Body Radiation, Electron-Positron Plasmas, Galactic Radiation, Temporal Distribution},
     year = 1986,
    month = sep,
   volume = 308,
    pages = {L43-L46},
      doi = {10.1086/184740},
   adsurl = {http://adsabs.harvard.edu/abs/1986ApJ...308L..43P},
  adsnote = {Provided by the SAO/NASA Astrophysics Data System}
}


@ARTICLE{1989Natur.340..126E,
       author = {{Eichler}, David and {Livio}, Mario and {Piran}, Tsvi and {Schramm},
        David N.},
        title = "{Nucleosynthesis, neutrino bursts and {\ensuremath{\gamma}}-rays from
        coalescing neutron stars}",
      journal = {\nat},
     keywords = {Gamma Ray Bursts, Neutrinos, Neutron Stars, Nuclear Fusion, Binary
        Stars, Gravitational Effects, Gravity Waves, Hubble Constant,
        Pulsars, Astrophysics},
         year = 1989,
        month = Jul,
       volume = {340},
        pages = {126-128},
          doi = {10.1038/340126a0},
       adsurl = {https://ui.adsabs.harvard.edu/#abs/1989Natur.340..126E},
      adsnote = {Provided by the SAO/NASA Astrophysics Data System}
}


@article{Fragos:2013bfa,
      author         = "Fragos, Tassos and Lehmer, Bret D. and Naoz, Smadar and
                        Zezas, Andreas and Basu-Zych, Antara R.",
      title          = "{Energy Feedback from X-ray Binaries in the Early
                        Universe}",
      journal        = "Astrophys. J.",
      volume         = "776",
      year           = "2013",
      pages          = "L31",
      doi            = "10.1088/2041-8205/776/2/L31",
      eprint         = "1306.1405",
      archivePrefix  = "arXiv",
      primaryClass   = "astro-ph.CO",
      SLACcitation   = "%%CITATION = ARXIV:1306.1405;%%"
}


@article{doi:10.1111/j.1365-2966.2012.20985.x,
author = {Justham, Stephen and Schawinski, Kevin},
title = {Another thread in the tapestry of stellar feedback: X-ray binaries},
journal = {Monthly Notices of the Royal Astronomical Society},
volume = {423},
number = {2},
pages = {1641-1651},
year = {2012},
doi = {10.1111/j.1365-2966.2012.20985.x},
URL = {http://dx.doi.org/10.1111/j.1365-2966.2012.20985.x},
eprint = {/oup/backfile/content_public/journal/mnras/423/2/10.1111/j.1365-2966.2012.20985.x/2/mnras0423-1641.pdf}
}



@ARTICLE{1974MNRAS.169..229L,
   author = {{Larson}, R.~B.},
    title = "{Effects of supernovae on the early evolution of galaxies}",
  journal = {\mnras},
     year = 1974,
    month = nov,
   volume = 169,
    pages = {229-246},
      doi = {10.1093/mnras/169.2.229},
   adsurl = {http://adsabs.harvard.edu/abs/1974MNRAS.169..229L},
  adsnote = {Provided by the SAO/NASA Astrophysics Data System}
}


@ARTICLE{1979ARA&A..17..213M,
   author = {{McCray}, R. and {Snow}, Jr., T.~P.},
    title = "{The violent interstellar medium}",
  journal = {\araa},
 keywords = {Galactic Structure, Interstellar Gas, Stellar Winds, Supernovae, Flow Velocity, Gas Flow, Gas Ionization, Gas Temperature, High Temperature, Hydrodynamics, Kinetics, Morphology, Physical Properties, Shock Wave Propagation, Solar Corona, Thermal Conductivity},
     year = 1979,
   volume = 17,
    pages = {213-240},
      doi = {10.1146/annurev.aa.17.090179.001241},
   adsurl = {http://adsabs.harvard.edu/abs/1979ARA%26A..17..213M},
  adsnote = {Provided by the SAO/NASA Astrophysics Data System}
}


@ARTICLE{2015ApJ...807..115S,
   author = {{Shen}, S. and {Cooke}, R.~J. and {Ramirez-Ruiz}, E. and {Madau}, P. and 
	{Mayer}, L. and {Guedes}, J.},
    title = "{The History of R-Process Enrichment in the Milky Way}",
  journal = {\apj},
archivePrefix = "arXiv",
   eprint = {1407.3796},
 keywords = {Galaxy: abundances, Galaxy: evolution, methods: numerical, stars: abundances},
     year = 2015,
    month = jul,
   volume = 807,
      eid = {115},
    pages = {115},
      doi = {10.1088/0004-637X/807/2/115},
   adsurl = {http://adsabs.harvard.edu/abs/2015ApJ...807..115S},
  adsnote = {Provided by the SAO/NASA Astrophysics Data System}
}


@article{doi:10.1093/mnras/stu2404,
author = {van de Voort, Freeke and Quataert, Eliot and Hopkins, Philip F. and Kere\v{s}, Du\v{s}an and Faucher-Gigu\`{e}re, Claude-Andr\'{e}},
title = {Galactic r-process enrichment by neutron star mergers in cosmological simulations of a Milky Way-mass galaxy},
journal = {Monthly Notices of the Royal Astronomical Society},
volume = {447},
number = {1},
pages = {140-148},
year = {2015},
doi = {10.1093/mnras/stu2404},
URL = {http://dx.doi.org/10.1093/mnras/stu2404},
eprint = {/oup/backfile/content_public/journal/mnras/447/1/10.1093/mnras/stu2404/2/stu2404.pdf}
}


@ARTICLE{2010ApJ...725..940Y,
   author = {{Yoon}, S.-C. and {Woosley}, S.~E. and {Langer}, N.},
    title = "{Type Ib/c Supernovae in Binary Systems. I. Evolution and Properties of the Progenitor Stars}",
  journal = {\apj},
archivePrefix = "arXiv",
   eprint = {1004.0843},
 primaryClass = "astro-ph.SR",
 keywords = {binaries: close, stars: evolution, stars: massive, stars: rotation, supernovae: general},
     year = 2010,
    month = dec,
   volume = 725,
    pages = {940-954},
      doi = {10.1088/0004-637X/725/1/940},
   adsurl = {http://adsabs.harvard.edu/abs/2010ApJ...725..940Y},
  adsnote = {Provided by the SAO/NASA Astrophysics Data System}
}

@article{Sigurdsson:2003wv,
      author         = "Sigurdsson, Steinn",
      title          = "{Black holes and pulsar binaries}",
      booktitle      = "{Proceedings, Radio Pulsars: A Meeting to Honor the
                        Contributions of Andrew Lyne, Dick Manchester and Joe
                        Taylor on Their 60th Birthdays: Chania, Crete, Greece,
                        August 26-29, 2002}",
      journal        = "ASP Conf. Ser.",
      volume         = "302",
      year           = "2003",
      pages          = "391",
      eprint         = "astro-ph/0303312",
      archivePrefix  = "arXiv",
      primaryClass   = "astro-ph",
      SLACcitation   = "%%CITATION = ASTRO-PH/0303312;%%"
}

@article{Grudzinska:2015eta,
      author         = "Grudzinska, M. and others",
      title          = "{On the formation and evolution of the first Be star in a
                        black hole binary MWC 656}",
      journal        = "Mon. Not. Roy. Astron. Soc.",
      volume         = "452",
      year           = "2015",
      number         = "3",
      pages          = "2773-2787",
      doi            = "10.1093/mnras/stv1419",
      eprint         = "1504.03146",
      archivePrefix  = "arXiv",
      primaryClass   = "astro-ph.HE",
      SLACcitation   = "%%CITATION = ARXIV:1504.03146;%%"
}


@article{Pani:2014rca,
      author         = "Pani, Paolo and Loeb, Abraham",
      title          = "{Tidal capture of a primordial black hole by a neutron
                        star: implications for constraints on dark matter}",
      journal        = "JCAP",
      volume         = "1406",
      year           = "2014",
      pages          = "026",
      doi            = "10.1088/1475-7516/2014/06/026",
      eprint         = "1401.3025",
      archivePrefix  = "arXiv",
      primaryClass   = "astro-ph.CO",
      SLACcitation   = "%%CITATION = ARXIV:1401.3025;%%"
}

@article{Capela:2013yf,
      author         = "Capela, Fabio and Pshirkov, Maxim and Tinyakov, Peter",
      title          = "{Constraints on primordial black holes as dark matter
                        candidates from capture by neutron stars}",
      journal        = "Phys. Rev.",
      volume         = "D87",
      year           = "2013",
      number         = "12",
      pages          = "123524",
      doi            = "10.1103/PhysRevD.87.123524",
      eprint         = "1301.4984",
      archivePrefix  = "arXiv",
      primaryClass   = "astro-ph.CO",
      reportNumber   = "ULB-TH-13-01",
      SLACcitation   = "%%CITATION = ARXIV:1301.4984;%%"
}




@article{doi:10.1093/mnras/sts295,
author = {Clausen, Drew and Sigurdsson, Steinn and Chernoff, David F.},
title = {Black holeâ€“neutron star mergers in globular clusters},
journal = {Monthly Notices of the Royal Astronomical Society},
volume = {428},
number = {4},
pages = {3618-3629},
year = {2013},
doi = {10.1093/mnras/sts295},
URL = {http://dx.doi.org/10.1093/mnras/sts295},
eprint = {/oup/backfile/content_public/journal/mnras/428/4/10.1093_mnras_sts295/1/sts295.pdf}
}


@article{Dominik:2012kk,
      author         = "Dominik, Michal and Belczynski, Krzysztof and Fryer,
                        Christopher and Holz, Daniel and Berti, Emanuele and
                        Bulik, Tomasz and Mandel, Ilya and O'Shaughnessy, Richard",
      title          = "{Double Compact Objects I: The Significance of the Common
                        Envelope on Merger Rates}",
      journal        = "Astrophys. J.",
      volume         = "759",
      year           = "2012",
      pages          = "52",
      doi            = "10.1088/0004-637X/759/1/52",
      eprint         = "1202.4901",
      archivePrefix  = "arXiv",
      primaryClass   = "astro-ph.HE",
      SLACcitation   = "%%CITATION = ARXIV:1202.4901;%%"
}


@ARTICLE{1990ApJS...74..551A,
   author = {{Abt}, H.~A. and {Gomez}, A.~E. and {Levy}, S.~G.},
    title = "{The frequency and formation mechanism of B2-B5 main-sequence binaries}",
  journal = {\apjs},
 keywords = {B Stars, Binary Stars, Main Sequence Stars, Star Formation, Stellar Mass, Stellar Orbits, Stellar Spectra},
     year = 1990,
    month = oct,
   volume = 74,
    pages = {551-573},
      doi = {10.1086/191508},
   adsurl = {http://adsabs.harvard.edu/abs/1990ApJS...74..551A},
  adsnote = {Provided by the SAO/NASA Astrophysics Data System}
}


@ARTICLE{1955ApJ...121..161S,
   author = {{Salpeter}, E.~E.},
    title = "{The Luminosity Function and Stellar Evolution.}",
  journal = {\apj},
     year = 1955,
    month = jan,
   volume = 121,
    pages = {161},
      doi = {10.1086/145971},
   adsurl = {http://adsabs.harvard.edu/abs/1955ApJ...121..161S},
  adsnote = {Provided by the SAO/NASA Astrophysics Data System}
}


@article{Bailyn:1997xt,
      author         = "Bailyn, Charles D. and Jain, Raj K. and Coppi, Paolo and
                        Orosz, Jerome A.",
      title          = "{The Mass distribution of stellar black holes}",
      journal        = "Astrophys. J.",
      volume         = "499",
      year           = "1998",
      pages          = "367",
      doi            = "10.1086/305614",
      eprint         = "astro-ph/9708032",
      archivePrefix  = "arXiv",
      primaryClass   = "astro-ph",
      SLACcitation   = "%%CITATION = ASTRO-PH/9708032;%%"
}


@ARTICLE{2010ApJ...725.1918O,
   author = {{{\"O}zel}, F. and {Psaltis}, D. and {Narayan}, R. and {McClintock}, J.~E.
	},
    title = "{The Black Hole Mass Distribution in the Galaxy}",
  journal = {\apj},
archivePrefix = "arXiv",
   eprint = {1006.2834},
 keywords = {black hole physics, X-rays: binaries},
     year = 2010,
    month = dec,
   volume = 725,
    pages = {1918-1927},
      doi = {10.1088/0004-637X/725/2/1918},
   adsurl = {http://adsabs.harvard.edu/abs/2010ApJ...725.1918O},
  adsnote = {Provided by the SAO/NASA Astrophysics Data System}
}


@ARTICLE{2012ApJ...757...91B,
   author = {{Belczynski}, K. and {Wiktorowicz}, G. and {Fryer}, C.~L. and 
	{Holz}, D.~E. and {Kalogera}, V.},
    title = "{Missing Black Holes Unveil the Supernova Explosion Mechanism}",
  journal = {\apj},
archivePrefix = "arXiv",
   eprint = {1110.1635},
 keywords = {stars: neutron, X-rays: binaries},
     year = 2012,
    month = sep,
   volume = 757,
      eid = {91},
    pages = {91},
      doi = {10.1088/0004-637X/757/1/91},
   adsurl = {http://adsabs.harvard.edu/abs/2012ApJ...757...91B},
  adsnote = {Provided by the SAO/NASA Astrophysics Data System}
}



@ARTICLE{2011ApJ...741..103F,
   author = {{Farr}, W.~M. and {Sravan}, N. and {Cantrell}, A. and {Kreidberg}, L. and 
	{Bailyn}, C.~D. and {Mandel}, I. and {Kalogera}, V.},
    title = "{The Mass Distribution of Stellar-mass Black Holes}",
  journal = {\apj},
archivePrefix = "arXiv",
   eprint = {1011.1459},
 keywords = {methods: data analysis, X-rays: binaries},
     year = 2011,
    month = nov,
   volume = 741,
      eid = {103},
    pages = {103},
      doi = {10.1088/0004-637X/741/2/103},
   adsurl = {http://adsabs.harvard.edu/abs/2011ApJ...741..103F},
  adsnote = {Provided by the SAO/NASA Astrophysics Data System}
}



@ARTICLE{1986FCPh...11....1S,
   author = {{Scalo}, J.~M.},
    title = "{The stellar initial mass function}",
  journal = {\fcp},
 keywords = {Mass Distribution, Stellar Evolution, Stellar Mass, Chronology, Galaxies, Mass To Light Ratios, Metallicity, Star Clusters, Stellar Luminosity, Stellar Spectra},
     year = 1986,
    month = may,
   volume = 11,
    pages = {1-278},
   adsurl = {http://adsabs.harvard.edu/abs/1986FCPh...11....1S},
  adsnote = {Provided by the SAO/NASA Astrophysics Data System}
}


@article{OShaughnessy:2006uzj,
      author         = "O'Shaughnessy, Richard W. and Kim, C. and Kalogera, V.
                        and Belczynski, K.",
      title          = "{Constraining population synthesis models via empirical
                        binary compact object merger and supernovae rates}",
      journal        = "Astrophys. J.",
      volume         = "672",
      year           = "2008",
      pages          = "479-488",
      doi            = "10.1086/523620",
      eprint         = "astro-ph/0610076",
      archivePrefix  = "arXiv",
      primaryClass   = "astro-ph",
      SLACcitation   = "%%CITATION = ASTRO-PH/0610076;%%"
}

@INPROCEEDINGS{2010ASPC..435..115V,
   author = {{Vanbeveren}, D.},
    title = "{Binary Population Synthesis}",
booktitle = {Binaries - Key to Comprehension of the Universe},
     year = 2010,
   series = {Astronomical Society of the Pacific Conference Series},
   volume = 435,
   editor = {{Pr{\v s}a}, A. and {Zejda}, M.},
    month = dec,
    pages = {115},
   adsurl = {http://adsabs.harvard.edu/abs/2010ASPC..435..115V},
  adsnote = {Provided by the SAO/NASA Astrophysics Data System}
}

@article{doi:10.1093/mnras/stv009,
author = {Just, O. and Bauswein, A. and Pulpillo, R. Ardevol and Goriely, S. and Janka, H.-T.},
title = {Comprehensive nucleosynthesis analysis for ejecta of compact binary mergers},
journal = {Monthly Notices of the Royal Astronomical Society},
volume = {448},
number = {1},
pages = {541-567},
year = {2015},
doi = {10.1093/mnras/stv009},
URL = {http://dx.doi.org/10.1093/mnras/stv009},
eprint = {/oup/backfile/content_public/journal/mnras/448/1/10.1093_mnras_stv009/3/stv009.pdf}
}

@article{doi:10.1046/j.1365-8711.1999.02437.x,
author = {Bloom, Joshua S. and Sigurdsson, Steinn and Pols, Onno R.},
title = {The spatial distribution of coalescing neutron star binaries: implications for gamma-ray bursts},
journal = {Monthly Notices of the Royal Astronomical Society},
volume = {305},
number = {4},
pages = {763-769},
year = {1999},
doi = {10.1046/j.1365-8711.1999.02437.x},
URL = {http://dx.doi.org/10.1046/j.1365-8711.1999.02437.x},
eprint = {/oup/backfile/content_public/journal/mnras/305/4/10.1046_j.1365-8711.1999.02437.x/1/305-4-763.pdf}
}


@article{doi:10.1093/mnras/stx2923,
author = {Chruslinska, Martyna and Belczynski, Krzysztof and Klencki, Jakub and Benacquista, Matthew},
title = {Double neutron stars: merger rates revisited},
journal = {Monthly Notices of the Royal Astronomical Society},
volume = {474},
number = {3},
pages = {2937-2958},
year = {2018},
doi = {10.1093/mnras/stx2923},
URL = {http://dx.doi.org/10.1093/mnras/stx2923},
eprint = {/oup/backfile/content_public/journal/mnras/474/3/10.1093_mnras_stx2923/1/stx2923.pdf}
}


@article{doi:10.1093/mnras/stw1772,
author = {Eldridge, J. J. and Stanway, E. R.},
title = {bpass predictions for binary black hole mergers},
journal = {Monthly Notices of the Royal Astronomical Society},
volume = {462},
number = {3},
pages = {3302-3313},
year = {2016},
doi = {10.1093/mnras/stw1772},
URL = {http://dx.doi.org/10.1093/mnras/stw1772},
eprint = {/oup/backfile/content_public/journal/mnras/462/3/10.1093_mnras_stw1772/2/stw1772.pdf}
}

@ARTICLE{2014A&A...564A.134M,
       author = {{Mennekens}, N. and {Vanbeveren}, D.},
        title = "{Massive double compact object mergers: gravitational wave sources and
        r-process element production sites}",
      journal = {\aap},
     keywords = {binaries: close, stars: massive, Galaxy: evolution, Astrophysics - Solar
        and Stellar Astrophysics, Astrophysics - Astrophysics of
        Galaxies},
         year = 2014,
        month = Apr,
       volume = {564},
          eid = {A134},
        pages = {A134},
          doi = {10.1051/0004-6361/201322198},
archivePrefix = {arXiv},
       eprint = {1307.0959},
       adsurl = {https://ui.adsabs.harvard.edu/#abs/2014A&A...564A.134M},
      adsnote = {Provided by the SAO/NASA Astrophysics Data System}
}

@ARTICLE{2013A&A...552A.126W,
       author = {{Wongwathanarat}, A. and {Janka}, H. -Th. and {M{\"u}ller}, E.},
        title = "{Three-dimensional neutrino-driven supernovae: Neutron star kicks, spins,
        and asymmetric ejection of nucleosynthesis products}",
      journal = {\aap},
     keywords = {supernovae: general, stars: neutron, pulsars: general, hydrodynamics,
        neutrinos, Astrophysics - High Energy Astrophysical Phenomena,
        High Energy Physics - Phenomenology},
         year = 2013,
        month = Apr,
       volume = {552},
          eid = {A126},
        pages = {A126},
          doi = {10.1051/0004-6361/201220636},
archivePrefix = {arXiv},
       eprint = {1210.8148},
       adsurl = {https://ui.adsabs.harvard.edu/#abs/2013A&A...552A.126W},
      adsnote = {Provided by the SAO/NASA Astrophysics Data System}
}


@ARTICLE{2016MNRAS.456..578M,
       author = {{Mandel}, Ilya},
        title = "{Estimates of black hole natal kick velocities from observations of low-
        mass X-ray binaries}",
      journal = {\mnras},
     keywords = {binaries: close, stars: black holes, Galaxy: kinematics and dynamics,
        X-rays: binaries, Astrophysics - High Energy Astrophysical
        Phenomena, Astrophysics - Astrophysics of Galaxies, Astrophysics
        - Solar and Stellar Astrophysics},
         year = 2016,
        month = Feb,
       volume = {456},
        pages = {578-581},
          doi = {10.1093/mnras/stv2733},
       adsurl = {https://ui.adsabs.harvard.edu/#abs/2016MNRAS.456..578M},
      adsnote = {Provided by the SAO/NASA Astrophysics Data System}
}

@ARTICLE{2012MNRAS.425.2799R,
       author = {{Repetto}, Serena and {Davies}, Melvyn B. and {Sigurdsson}, Steinn},
        title = "{Investigating stellar-mass black hole kicks}",
      journal = {\mnras},
     keywords = {black hole physics, binaries: general, stars: neutron, supernovae:
        general, Galaxy: kinematics and dynamics, X-rays: binaries,
        Astrophysics - Galaxy Astrophysics, Astrophysics - High Energy
        Astrophysical Phenomena},
         year = 2012,
        month = Oct,
       volume = {425},
        pages = {2799-2809},
          doi = {10.1111/j.1365-2966.2012.21549.x},
archivePrefix = {arXiv},
       eprint = {1203.3077},
       adsurl = {https://ui.adsabs.harvard.edu/#abs/2012MNRAS.425.2799R},
      adsnote = {Provided by the SAO/NASA Astrophysics Data System}
}

@ARTICLE{2015MNRAS.453.3341R,
       author = {{Repetto}, Serena and {Nelemans}, Gijs},
        title = "{Constraining the formation of black holes in short-period black hole
        low-mass X-ray binaries}",
      journal = {\mnras},
     keywords = {black hole physics, binaries: general, stars: black holes, supernovae:
        general, X-rays: binaries, Astrophysics - High Energy
        Astrophysical Phenomena},
         year = 2015,
        month = Nov,
       volume = {453},
        pages = {3341-3355},
          doi = {10.1093/mnras/stv1753},
       adsurl = {https://ui.adsabs.harvard.edu/#abs/2015MNRAS.453.3341R},
      adsnote = {Provided by the SAO/NASA Astrophysics Data System}
}


@ARTICLE{1999A&A...352L..87N,
       author = {{Nelemans}, G. and {Tauris}, T.~M. and {van den Heuvel}, E.~P.~J.},
        title = "{Constraints on mass ejection in black hole formation derived from black
        hole X-ray binaries}",
      journal = {\aap},
     keywords = {BLACK HOLE PHYSICS, STARS: SUPERNOVAE: GENERAL, STARS: BINARIES: CLOSE,
        Astrophysics},
         year = 1999,
        month = Dec,
       volume = {352},
        pages = {L87-L90},
archivePrefix = {arXiv},
       eprint = {astro-ph/9911054},
       adsurl = {https://ui.adsabs.harvard.edu/#abs/1999A&A...352L..87N},
      adsnote = {Provided by the SAO/NASA Astrophysics Data System}
}



@ARTICLE{2013MNRAS.434.1355J,
       author = {{Janka}, Hans-Thomas},
        title = "{Natal kicks of stellar mass black holes by asymmetric mass ejection in
        fallback supernovae}",
      journal = {\mnras},
     keywords = {black hole physics, neutrinos, binaries: general, stars: neutron,
        supernovae: general, X-rays: binaries, Astrophysics - Solar and
        Stellar Astrophysics, Astrophysics - High Energy Astrophysical
        Phenomena},
         year = 2013,
        month = Sep,
       volume = {434},
        pages = {1355-1361},
          doi = {10.1093/mnras/stt1106},
archivePrefix = {arXiv},
       eprint = {1306.0007},
       adsurl = {https://ui.adsabs.harvard.edu/#abs/2013MNRAS.434.1355J},
      adsnote = {Provided by the SAO/NASA Astrophysics Data System}
}

@article{Tauris:2015xra,
      author         = "Tauris, Thomas M. and Langer, Norbert and Podsiadlowski,
                        Philipp",
      title          = "{Ultra-stripped supernovae: progenitors and fate}",
      journal        = "Mon. Not. Roy. Astron. Soc.",
      volume         = "451",
      year           = "2015",
      number         = "2",
      pages          = "2123-2144",
      doi            = "10.1093/mnras/stv990",
      eprint         = "1505.00270",
      archivePrefix  = "arXiv",
      primaryClass   = "astro-ph.SR",
      SLACcitation   = "%%CITATION = ARXIV:1505.00270;%%"
}

@BOOK{1926ics..book.....E,
       author = {{Eddington}, A.~S.},
        title = "{The Internal Constitution of the Stars}",
    booktitle = {The Internal Constitution of the Stars, Cambridge: Cambridge University
        Press, 1926.  ISBN 9780521337083.},
         year = 1926,
       adsurl = {https://ui.adsabs.harvard.edu/#abs/1926ics..book.....E},
      adsnote = {Provided by the SAO/NASA Astrophysics Data System}
}


@article{metropolis1949monte,
  title={The monte carlo method},
  author={Metropolis, Nicholas and Ulam, Stanislaw},
  journal={Journal of the American statistical association},
  volume={44},
  number={247},
  pages={335--341},
  year={1949},
  publisher={Taylor \& Francis}
}

@article{osti_4423221,
title = {NOTE ON CENSUS-TAKING IN MONTE-CARLO CALCULATIONS},
author = {Fermi, E. and Richtmyer, R. D.},
doi = {10.2172/4423221},
place = {United States},
year = {1948},
month = {7}
} 



@incollection{pennanen2006adaptive,
  title={An adaptive importance sampling technique},
  author={Pennanen, Teemu and Koivu, Matti},
  booktitle={Monte Carlo and Quasi-Monte Carlo Methods 2004},
  pages={443--455},
  year={2006},
  publisher={Springer}
}


@inproceedings{ortiz2000adaptive,
  title={Adaptive importance sampling for estimation in structured domains},
  author={Ortiz, Luis E and Kaelbling, Leslie Pack},
  booktitle={Proceedings of the Sixteenth conference on Uncertainty in artificial intelligence},
  pages={446--454},
  year={2000},
  organization={Morgan Kaufmann Publishers Inc.}
}


@article{torrie1977nonphysical,
  title={Nonphysical sampling distributions in Monte Carlo free-energy estimation: Umbrella sampling},
  author={Torrie, Glenn M and Valleau, John P},
  journal={Journal of Computational Physics},
  volume={23},
  number={2},
  pages={187--199},
  year={1977},
  publisher={Elsevier}
}

@article{hesterberg1995weighted,
  title={Weighted average importance sampling and defensive mixture distributions},
  author={Hesterberg, Tim},
  journal={Technometrics},
  volume={37},
  number={2},
  pages={185--194},
  year={1995},
  publisher={Taylor \& Francis Group}
}


@article{kahn1953methods,
  title={Methods of reducing sample size in Monte Carlo computations},
  author={Kahn, Herman and Marshall, Andy W},
  journal={Journal of the Operations Research Society of America},
  volume={1},
  number={5},
  pages={263--278},
  year={1953},
  publisher={INFORMS}
}


@article{Im:2017scv,
      author         = "Im, Myungshin and others",
      title          = "{Distance and Properties of NGC 4993 as the Host Galaxy
                        of the Gravitational-wave Source GW170817}",
      journal        = "Astrophys. J.",
      volume         = "849",
      year           = "2017",
      number         = "1",
      pages          = "L16",
      doi            = "10.3847/2041-8213/aa9367",
      eprint         = "1710.05861",
      archivePrefix  = "arXiv",
      primaryClass   = "astro-ph.HE",
      SLACcitation   = "%%CITATION = ARXIV:1710.05861;%%"
}



@ARTICLE{2016A&A...594A..13P,
       author = {{Planck Collaboration} and {Ade}, P.~A.~R. and {Aghanim}, N. and
        {Arnaud}, M. and {Ashdown}, M. and {Aumont}, J. and
        {Baccigalupi}, C. and {Banday}, A.~J. and {Barreiro}, R.~B. and
        {Bartlett}, J.~G. and {Bartolo}, N. and {Battaner}, E. and
        {Battye}, R. and {Benabed}, K. and {Beno{\^\i}t}, A. and
        {Benoit-L{\'e}vy}, A. and {Bernard}, J. -P. and {Bersanelli}, M.
        and {Bielewicz}, P. and {Bock}, J.~J. and {Bonaldi}, A. and
        {Bonavera}, L. and {Bond}, J.~R. and {Borrill}, J. and
        {Bouchet}, F.~R. and {Boulanger}, F. and {Bucher}, M. and
        {Burigana}, C. and {Butler}, R.~C. and {Calabrese}, E. and
        {Cardoso}, J. -F. and {Catalano}, A. and {Challinor}, A. and
        {Chamballu}, A. and {Chary}, R. -R. and {Chiang}, H.~C. and
        {Chluba}, J. and {Christensen}, P.~R. and {Church}, S. and
        {Clements}, D.~L. and {Colombi}, S. and {Colombo}, L.~P.~L. and
        {Combet}, C. and {Coulais}, A. and {Crill}, B.~P. and {Curto},
        A. and {Cuttaia}, F. and {Danese}, L. and {Davies}, R.~D. and
        {Davis}, R.~J. and {de Bernardis}, P. and {de Rosa}, A. and {de
        Zotti}, G. and {Delabrouille}, J. and {D{\'e}sert}, F. -X. and
        {Di Valentino}, E. and {Dickinson}, C. and {Diego}, J.~M. and
        {Dolag}, K. and {Dole}, H. and {Donzelli}, S. and {Dor{\'e}}, O.
        and {Douspis}, M. and {Ducout}, A. and {Dunkley}, J. and
        {Dupac}, X. and {Efstathiou}, G. and {Elsner}, F. and
        {En{\ss}lin}, T.~A. and {Eriksen}, H.~K. and {Farhang}, M. and
        {Fergusson}, J. and {Finelli}, F. and {Forni}, O. and {Frailis},
        M. and {Fraisse}, A.~A. and {Franceschi}, E. and {Frejsel}, A.
        and {Galeotta}, S. and {Galli}, S. and {Ganga}, K. and
        {Gauthier}, C. and {Gerbino}, M. and {Ghosh}, T. and {Giard}, M.
        and {Giraud-H{\'e}raud}, Y. and {Giusarma}, E. and {Gjerl{\o}w},
        E. and {Gonz{\'a}lez-Nuevo}, J. and {G{\'o}rski}, K.~M. and
        {Gratton}, S. and {Gregorio}, A. and {Gruppuso}, A. and
        {Gudmundsson}, J.~E. and {Hamann}, J. and {Hansen}, F.~K. and
        {Hanson}, D. and {Harrison}, D.~L. and {Helou}, G. and {Henrot-
        Versill{\'e}}, S. and {Hern{\'a}ndez-Monteagudo}, C. and
        {Herranz}, D. and {Hildebrandt}, S.~R. and {Hivon}, E. and
        {Hobson}, M. and {Holmes}, W.~A. and {Hornstrup}, A. and
        {Hovest}, W. and {Huang}, Z. and {Huffenberger}, K.~M. and
        {Hurier}, G. and {Jaffe}, A.~H. and {Jaffe}, T.~R. and {Jones},
        W.~C. and {Juvela}, M. and {Keih{\"a}nen}, E. and {Keskitalo},
        R. and {Kisner}, T.~S. and {Kneissl}, R. and {Knoche}, J. and
        {Knox}, L. and {Kunz}, M. and {Kurki-Suonio}, H. and {Lagache},
        G. and {L{\"a}hteenm{\"a}ki}, A. and {Lamarre}, J. -M. and
        {Lasenby}, A. and {Lattanzi}, M. and {Lawrence}, C.~R. and
        {Leahy}, J.~P. and {Leonardi}, R. and {Lesgourgues}, J. and
        {Levrier}, F. and {Lewis}, A. and {Liguori}, M. and {Lilje},
        P.~B. and {Linden-V{\o}rnle}, M. and {L{\'o}pez-Caniego}, M. and
        {Lubin}, P.~M. and {Mac{\'\i}as-P{\'e}rez}, J.~F. and {Maggio},
        G. and {Maino}, D. and {Mandolesi}, N. and {Mangilli}, A. and
        {Marchini}, A. and {Maris}, M. and {Martin}, P.~G. and
        {Martinelli}, M. and {Mart{\'\i}nez-Gonz{\'a}lez}, E. and
        {Masi}, S. and {Matarrese}, S. and {McGehee}, P. and {Meinhold},
        P.~R. and {Melchiorri}, A. and {Melin}, J. -B. and {Mendes}, L.
        and {Mennella}, A. and {Migliaccio}, M. and {Millea}, M. and
        {Mitra}, S. and {Miville-Desch{\^e}nes}, M. -A. and {Moneti}, A.
        and {Montier}, L. and {Morgante}, G. and {Mortlock}, D. and
        {Moss}, A. and {Munshi}, D. and {Murphy}, J.~A. and {Naselsky},
        P. and {Nati}, F. and {Natoli}, P. and {Netterfield}, C.~B. and
        {N{\o}rgaard-Nielsen}, H.~U. and {Noviello}, F. and {Novikov},
        D. and {Novikov}, I. and {Oxborrow}, C.~A. and {Paci}, F. and
        {Pagano}, L. and {Pajot}, F. and {Paladini}, R. and {Paoletti},
        D. and {Partridge}, B. and {Pasian}, F. and {Patanchon}, G. and
        {Pearson}, T.~J. and {Perdereau}, O. and {Perotto}, L. and
        {Perrotta}, F. and {Pettorino}, V. and {Piacentini}, F. and
        {Piat}, M. and {Pierpaoli}, E. and {Pietrobon}, D. and
        {Plaszczynski}, S. and {Pointecouteau}, E. and {Polenta}, G. and
        {Popa}, L. and {Pratt}, G.~W. and {Pr{\'e}zeau}, G. and
        {Prunet}, S. and {Puget}, J. -L. and {Rachen}, J.~P. and
        {Reach}, W.~T. and {Rebolo}, R. and {Reinecke}, M. and
        {Remazeilles}, M. and {Renault}, C. and {Renzi}, A. and
        {Ristorcelli}, I. and {Rocha}, G. and {Rosset}, C. and
        {Rossetti}, M. and {Roudier}, G. and {Rouill{\'e} d'Orfeuil}, B.
        and {Rowan-Robinson}, M. and {Rubi{\~n}o-Mart{\'\i}n}, J.~A. and
        {Rusholme}, B. and {Said}, N. and {Salvatelli}, V. and
        {Salvati}, L. and {Sandri}, M. and {Santos}, D. and
        {Savelainen}, M. and {Savini}, G. and {Scott}, D. and
        {Seiffert}, M.~D. and {Serra}, P. and {Shellard}, E.~P.~S. and
        {Spencer}, L.~D. and {Spinelli}, M. and {Stolyarov}, V. and
        {Stompor}, R. and {Sudiwala}, R. and {Sunyaev}, R. and {Sutton},
        D. and {Suur-Uski}, A. -S. and {Sygnet}, J. -F. and {Tauber},
        J.~A. and {Terenzi}, L. and {Toffolatti}, L. and {Tomasi}, M.
        and {Tristram}, M. and {Trombetti}, T. and {Tucci}, M. and
        {Tuovinen}, J. and {T{\"u}rler}, M. and {Umana}, G. and
        {Valenziano}, L. and {Valiviita}, J. and {Van Tent}, F. and
        {Vielva}, P. and {Villa}, F. and {Wade}, L.~A. and {Wandelt},
        B.~D. and {Wehus}, I.~K. and {White}, M. and {White}, S.~D.~M.
        and {Wilkinson}, A. and {Yvon}, D. and {Zacchei}, A. and
        {Zonca}, A.},
        title = "{Planck 2015 results. XIII. Cosmological parameters}",
      journal = {\aap},
     keywords = {cosmology: observations, cosmology: theory, cosmic background radiation,
        cosmological parameters, Astrophysics - Cosmology and
        Nongalactic Astrophysics},
         year = 2016,
        month = Sep,
       volume = {594},
          eid = {A13},
        pages = {A13},
          doi = {10.1051/0004-6361/201525830},
       adsurl = {https://ui.adsabs.harvard.edu/#abs/2016A&A...594A..13P},
      adsnote = {Provided by the SAO/NASA Astrophysics Data System}
}



  	
@article{1538-3881-142-6-197,
  author={Laura Chomiuk and Matthew S. Povich},
  title={Toward a Unification of Star Formation Rate Determinations in the Milky Way and Other Galaxies},
  journal={The Astronomical Journal},
  volume={142},
  number={6},
  pages={197},
  url={http://stacks.iop.org/1538-3881/142/i=6/a=197},
  year={2011},
  abstract={The star formation rate (SFR) of the Milky Way remains poorly known, with often-quoted values ranging from 1 to 10 M â˜‰ yr â€“1 . This situation persists despite the potential for the Milky Way to serve as the ultimate SFR calibrator for external galaxies. We show that various estimates for the Galactic SFR are consistent with one another once they have been normalized to the same initial mass function (IMF) and massive star models, converging to 1.9 Â± 0.4 M â˜‰ yr â€“1 . However, standard SFR diagnostics are vulnerable to systematics founded in the use of indirect observational tracers sensitive only to high-mass stars. We find that absolute SFRs measured using resolved low/intermediate-mass stellar populations in Galactic H II regions are systematically higher by factors of ~2-3 compared with calibrations for SFRs measured from mid-IR and radio emission. We discuss some potential explanations for this discrepancy and conclude that it could be allayed if (1) the power-law slope of the IMF for intermediate-mass (1.5 M â˜‰ < m < 5 M â˜‰ ) stars were steeper than the Salpeter slope or (2) a correction factor was applied to the extragalactic 24 Î¼m SFR calibrations to account for the duration of star formation in individual mid-IR-bright H II regions relative to the lifetimes of O stars. Finally, we present some approaches for testing whether a Galactic SFR of ~2 M â˜‰ yr â€“1 is consistent with what we would measure if we could view the Milky Way as external observers. Using luminous radio supernova remnants and X-ray point sources, we find that the Milky Way deviates from expectations at the 1Ïƒ-3Ïƒ level, hinting that perhaps the Galactic SFR is overestimated or extragalactic SFRs need to be revised upward.}
}
	
	
	
@ARTICLE{1961BAN....15..265B,
   author = {{Blaauw}, A.},
    title = "{On the origin of the O- and B-type stars with high velocities (the ``run-away'' stars), and some related problems}",
  journal = {\bain},
     year = 1961,
    month = may,
   volume = 15,
    pages = {265},
   adsurl = {http://adsabs.harvard.edu/abs/1961BAN....15..265B},
  adsnote = {Provided by the SAO/NASA Astrophysics Data System}
}	



@ARTICLE{1998A&A...330.1047T,
   author = {{Tauris}, T.~M. and {Takens}, R.~J.},
    title = "{Runaway velocities of stellar components originating from disrupted binaries via asymmetric supernova explosions}",
  journal = {\aap},
 keywords = {BINARIES: CLOSE, SUPERNOVAE, STARS: KINEMATICS, STARS: NEUTRON, PULSARS: GENERAL},
     year = 1998,
    month = feb,
   volume = 330,
    pages = {1047-1059},
   adsurl = {http://adsabs.harvard.edu/abs/1998A%26A...330.1047T},
  adsnote = {Provided by the SAO/NASA Astrophysics Data System}
}


@ARTICLE{2010CQGra..27q3001A,
   author = {{Abadie}, J. and {Abbott}, B.~P. and {Abbott}, R. and {Abernathy}, M. and 
	{Accadia}, T. and {Acernese}, F. and {Adams}, C. and {Adhikari}, R. and 
	{Ajith}, P. and {Allen}, B. and et al.},
    title = "{TOPICAL REVIEW:  Predictions for the rates of compact binary coalescences observable by ground-based gravitational-wave detectors}",
  journal = {Classical and Quantum Gravity},
archivePrefix = "arXiv",
   eprint = {1003.2480},
 primaryClass = "astro-ph.HE",
     year = 2010,
    month = sep,
   volume = 27,
   number = 17,
      eid = {173001},
    pages = {173001},
      doi = {10.1088/0264-9381/27/17/173001},
   adsurl = {http://adsabs.harvard.edu/abs/2010CQGra..27q3001A},
  adsnote = {Provided by the SAO/NASA Astrophysics Data System}
}


@article{Chornock:2017sdf,
      author         = "Chornock, R. and others",
      title          = "{The Electromagnetic Counterpart of the Binary Neutron
                        Star Merger LIGO/VIRGO GW170817. IV. Detection of
                        Near-infrared Signatures of r-process Nucleosynthesis with
                        Gemini-South}",
      journal        = "Astrophys. J.",
      volume         = "848",
      year           = "2017",
      number         = "2",
      pages          = "L19",
      doi            = "10.3847/2041-8213/aa905c",
      eprint         = "1710.05454",
      archivePrefix  = "arXiv",
      primaryClass   = "astro-ph.HE",
      reportNumber   = "FERMILAB-PUB-17-497-A-AE-CD",
      SLACcitation   = "%%CITATION = ARXIV:1710.05454;%%"
}

@article{Coulter:2017wya,
      author         = "Coulter, D. A. and others",
      title          = "{Swope Supernova Survey 2017a (SSS17a), the Optical
                        Counterpart to a Gravitational Wave Source}",
      journal        = "Science",
      year           = "2017",
      doi            = "10.1126/science.aap9811",
      note           = "[Science358,1556(2017)]",
      eprint         = "1710.05452",
      archivePrefix  = "arXiv",
      primaryClass   = "astro-ph.HE",
      SLACcitation   = "%%CITATION = ARXIV:1710.05452;%%"
}


@ARTICLE{2017NatAs...1..791C,
   author = {{Covino}, S. and {Wiersema}, K. and {Fan}, Y.~Z. and {Toma}, K. and 
	{Higgins}, A.~B. and {Melandri}, A. and {D'Avanzo}, P. and {Mundell}, C.~G. and 
	{Palazzi}, E. and {Tanvir}, N.~R. and {Bernardini}, M.~G. and 
	{Branchesi}, M. and {Brocato}, E. and {Campana}, S. and {di Serego Alighieri}, S. and 
	{G{\"o}tz}, D. and {Fynbo}, J.~P.~U. and {Gao}, W. and {Gomboc}, A. and 
	{Gompertz}, B. and {Greiner}, J. and {Hjorth}, J. and {Jin}, Z.~P. and 
	{Kaper}, L. and {Klose}, S. and {Kobayashi}, S. and {Kopac}, D. and 
	{Kouveliotou}, C. and {Levan}, A.~J. and {Mao}, J. and {Malesani}, D. and 
	{Pian}, E. and {Rossi}, A. and {Salvaterra}, R. and {Starling}, R.~L.~C. and 
	{Steele}, I. and {Tagliaferri}, G. and {Troja}, E. and {van der Horst}, A.~J. and 
	{Wijers}, R.~A.~M.~J.},
    title = "{The unpolarized macronova associated with the gravitational wave event GW 170817}",
  journal = {Nature Astronomy},
archivePrefix = "arXiv",
   eprint = {1710.05849},
 primaryClass = "astro-ph.HE",
     year = 2017,
    month = nov,
   volume = 1,
    pages = {791-794},
      doi = {10.1038/s41550-017-0285-z},
   adsurl = {http://adsabs.harvard.edu/abs/2017NatAs...1..791C},
  adsnote = {Provided by the SAO/NASA Astrophysics Data System}
}

@ARTICLE{2017ApJ...848L..17C,
   author = {{Cowperthwaite}, P.~S. and {Berger}, E. and {Villar}, V.~A. and 
	{Metzger}, B.~D. and {Nicholl}, M. and {Chornock}, R. and {Blanchard}, P.~K. and 
	{Fong}, W. and {Margutti}, R. and {Soares-Santos}, M. and {Alexander}, K.~D. and 
	{Allam}, S. and {Annis}, J. and {Brout}, D. and {Brown}, D.~A. and 
	{Butler}, R.~E. and {Chen}, H.-Y. and {Diehl}, H.~T. and {Doctor}, Z. and 
	{Drout}, M.~R. and {Eftekhari}, T. and {Farr}, B. and {Finley}, D.~A. and 
	{Foley}, R.~J. and {Frieman}, J.~A. and {Fryer}, C.~L. and {Garc{\'{\i}}a-Bellido}, J. and 
	{Gill}, M.~S.~S. and {Guillochon}, J. and {Herner}, K. and {Holz}, D.~E. and 
	{Kasen}, D. and {Kessler}, R. and {Marriner}, J. and {Matheson}, T. and 
	{Neilsen}, Jr., E.~H. and {Quataert}, E. and {Palmese}, A. and 
	{Rest}, A. and {Sako}, M. and {Scolnic}, D.~M. and {Smith}, N. and 
	{Tucker}, D.~L. and {Williams}, P.~K.~G. and {Balbinot}, E. and 
	{Carlin}, J.~L. and {Cook}, E.~R. and {Durret}, F. and {Li}, T.~S. and 
	{Lopes}, P.~A.~A. and {Louren{\c c}o}, A.~C.~C. and {Marshall}, J.~L. and 
	{Medina}, G.~E. and {Muir}, J. and {Mu{\~n}oz}, R.~R. and {Sauseda}, M. and 
	{Schlegel}, D.~J. and {Secco}, L.~F. and {Vivas}, A.~K. and 
	{Wester}, W. and {Zenteno}, A. and {Zhang}, Y. and {Abbott}, T.~M.~C. and 
	{Banerji}, M. and {Bechtol}, K. and {Benoit-L{\'e}vy}, A. and 
	{Bertin}, E. and {Buckley-Geer}, E. and {Burke}, D.~L. and {Capozzi}, D. and 
	{Carnero Rosell}, A. and {Carrasco Kind}, M. and {Castander}, F.~J. and 
	{Crocce}, M. and {Cunha}, C.~E. and {D'Andrea}, C.~B. and {da Costa}, L.~N. and 
	{Davis}, C. and {DePoy}, D.~L. and {Desai}, S. and {Dietrich}, J.~P. and 
	{Drlica-Wagner}, A. and {Eifler}, T.~F. and {Evrard}, A.~E. and 
	{Fernandez}, E. and {Flaugher}, B. and {Fosalba}, P. and {Gaztanaga}, E. and 
	{Gerdes}, D.~W. and {Giannantonio}, T. and {Goldstein}, D.~A. and 
	{Gruen}, D. and {Gruendl}, R.~A. and {Gutierrez}, G. and {Honscheid}, K. and 
	{Jain}, B. and {James}, D.~J. and {Jeltema}, T. and {Johnson}, M.~W.~G. and 
	{Johnson}, M.~D. and {Kent}, S. and {Krause}, E. and {Kron}, R. and 
	{Kuehn}, K. and {Nuropatkin}, N. and {Lahav}, O. and {Lima}, M. and 
	{Lin}, H. and {Maia}, M.~A.~G. and {March}, M. and {Martini}, P. and 
	{McMahon}, R.~G. and {Menanteau}, F. and {Miller}, C.~J. and 
	{Miquel}, R. and {Mohr}, J.~J. and {Neilsen}, E. and {Nichol}, R.~C. and 
	{Ogando}, R.~L.~C. and {Plazas}, A.~A. and {Roe}, N. and {Romer}, A.~K. and 
	{Roodman}, A. and {Rykoff}, E.~S. and {Sanchez}, E. and {Scarpine}, V. and 
	{Schindler}, R. and {Schubnell}, M. and {Sevilla-Noarbe}, I. and 
	{Smith}, M. and {Smith}, R.~C. and {Sobreira}, F. and {Suchyta}, E. and 
	{Swanson}, M.~E.~C. and {Tarle}, G. and {Thomas}, D. and {Thomas}, R.~C. and 
	{Troxel}, M.~A. and {Vikram}, V. and {Walker}, A.~R. and {Wechsler}, R.~H. and 
	{Weller}, J. and {Yanny}, B. and {Zuntz}, J.},
    title = "{The Electromagnetic Counterpart of the Binary Neutron Star Merger LIGO/Virgo GW170817. II. UV, Optical, and Near-infrared Light Curves and Comparison to Kilonova Models}",
  journal = {\apjl},
archivePrefix = "arXiv",
   eprint = {1710.05840},
 primaryClass = "astro-ph.HE",
 keywords = {binaries: close, catalogs, gravitational waves, stars: neutron, surveys},
     year = 2017,
    month = oct,
   volume = 848,
      eid = {L17},
    pages = {L17},
      doi = {10.3847/2041-8213/aa8fc7},
   adsurl = {http://adsabs.harvard.edu/abs/2017ApJ...848L..17C},
  adsnote = {Provided by the SAO/NASA Astrophysics Data System}
}

@ARTICLE{2017Sci...358.1570D,
   author = {{Drout}, M.~R. and {Piro}, A.~L. and {Shappee}, B.~J. and {Kilpatrick}, C.~D. and 
	{Simon}, J.~D. and {Contreras}, C. and {Coulter}, D.~A. and 
	{Foley}, R.~J. and {Siebert}, M.~R. and {Morrell}, N. and {Boutsia}, K. and 
	{Di Mille}, F. and {Holoien}, T.~W.-S. and {Kasen}, D. and {Kollmeier}, J.~A. and 
	{Madore}, B.~F. and {Monson}, A.~J. and {Murguia-Berthier}, A. and 
	{Pan}, Y.-C. and {Prochaska}, J.~X. and {Ramirez-Ruiz}, E. and 
	{Rest}, A. and {Adams}, C. and {Alatalo}, K. and {Ba{\~n}ados}, E. and 
	{Baughman}, J. and {Beers}, T.~C. and {Bernstein}, R.~A. and 
	{Bitsakis}, T. and {Campillay}, A. and {Hansen}, T.~T. and {Higgs}, C.~R. and 
	{Ji}, A.~P. and {Maravelias}, G. and {Marshall}, J.~L. and {Moni Bidin}, C. and 
	{Prieto}, J.~L. and {Rasmussen}, K.~C. and {Rojas-Bravo}, C. and 
	{Strom}, A.~L. and {Ulloa}, N. and {Vargas-Gonz{\'a}lez}, J. and 
	{Wan}, Z. and {Whitten}, D.~D.},
    title = "{Light curves of the neutron star merger GW170817/SSS17a: Implications for r-process nucleosynthesis}",
  journal = {Science},
archivePrefix = "arXiv",
   eprint = {1710.05443},
 primaryClass = "astro-ph.HE",
     year = 2017,
    month = dec,
   volume = 358,
    pages = {1570-1574},
      doi = {10.1126/science.aaq0049},
   adsurl = {http://adsabs.harvard.edu/abs/2017Sci...358.1570D},
  adsnote = {Provided by the SAO/NASA Astrophysics Data System}
}

@ARTICLE{2017Sci...358.1565E,
   author = {{Evans}, P.~A. and {Cenko}, S.~B. and {Kennea}, J.~A. and {Emery}, S.~W.~K. and 
	{Kuin}, N.~P.~M. and {Korobkin}, O. and {Wollaeger}, R.~T. and 
	{Fryer}, C.~L. and {Madsen}, K.~K. and {Harrison}, F.~A. and 
	{Xu}, Y. and {Nakar}, E. and {Hotokezaka}, K. and {Lien}, A. and 
	{Campana}, S. and {Oates}, S.~R. and {Troja}, E. and {Breeveld}, A.~A. and 
	{Marshall}, F.~E. and {Barthelmy}, S.~D. and {Beardmore}, A.~P. and 
	{Burrows}, D.~N. and {Cusumano}, G. and {D{\rsquo}A{\`i}}, A. and 
	{D{\rsquo}Avanzo}, P. and {D{\rsquo}Elia}, V. and {de Pasquale}, M. and 
	{Even}, W.~P. and {Fontes}, C.~J. and {Forster}, K. and {Garcia}, J. and 
	{Giommi}, P. and {Grefenstette}, B. and {Gronwall}, C. and {Hartmann}, D.~H. and 
	{Heida}, M. and {Hungerford}, A.~L. and {Kasliwal}, M.~M. and 
	{Krimm}, H.~A. and {Levan}, A.~J. and {Malesani}, D. and {Melandri}, A. and 
	{Miyasaka}, H. and {Nousek}, J.~A. and {O{\rsquo}Brien}, P.~T. and 
	{Osborne}, J.~P. and {Pagani}, C. and {Page}, K.~L. and {Palmer}, D.~M. and 
	{Perri}, M. and {Pike}, S. and {Racusin}, J.~L. and {Rosswog}, S. and 
	{Siegel}, M.~H. and {Sakamoto}, T. and {Sbarufatti}, B. and 
	{Tagliaferri}, G. and {Tanvir}, N.~R. and {Tohuvavohu}, A.},
    title = "{Swift and NuSTAR observations of GW170817: Detection of a blue kilonova}",
  journal = {Science},
archivePrefix = "arXiv",
   eprint = {1710.05437},
 primaryClass = "astro-ph.HE",
     year = 2017,
    month = dec,
   volume = 358,
    pages = {1565-1570},
      doi = {10.1126/science.aap9580},
   adsurl = {http://adsabs.harvard.edu/abs/2017Sci...358.1565E},
  adsnote = {Provided by the SAO/NASA Astrophysics Data System}
}

@ARTICLE{2017Natur.551...80K,
   author = {{Kasen}, D. and {Metzger}, B. and {Barnes}, J. and {Quataert}, E. and 
	{Ramirez-Ruiz}, E.},
    title = "{Origin of the heavy elements in binary neutron-star mergers from a gravitational-wave event}",
  journal = {\nat},
archivePrefix = "arXiv",
   eprint = {1710.05463},
 primaryClass = "astro-ph.HE",
     year = 2017,
    month = nov,
   volume = 551,
    pages = {80-84},
      doi = {10.1038/nature24453},
   adsurl = {http://adsabs.harvard.edu/abs/2017Natur.551...80K},
  adsnote = {Provided by the SAO/NASA Astrophysics Data System}
}

@ARTICLE{2017ApJ...850L..39A,
   author = {{Abbott}, B.~P. and {Abbott}, R. and {Abbott}, T.~D. and {Acernese}, F. and 
	{Ackley}, K. and {Adams}, C. and {Adams}, T. and {Addesso}, P. and 
	{Adhikari}, R.~X. and {Adya}, V.~B. and et al.},
    title = "{Estimating the Contribution of Dynamical Ejecta in the Kilonova Associated with GW170817}",
  journal = {\apjl},
archivePrefix = "arXiv",
   eprint = {1710.05836},
 primaryClass = "astro-ph.HE",
 keywords = {gravitational waves, methods: data analysis, stars: neutron},
     year = 2017,
    month = dec,
   volume = 850,
      eid = {L39},
    pages = {L39},
      doi = {10.3847/2041-8213/aa9478},
   adsurl = {http://adsabs.harvard.edu/abs/2017ApJ...850L..39A},
  adsnote = {Provided by the SAO/NASA Astrophysics Data System}
}


@ARTICLE{2017ApJ...848L..12A,
   author = {{Abbott}, B.~P. and {Abbott}, R. and {Abbott}, T.~D. and {Acernese}, F. and 
	{Ackley}, K. and {Adams}, C. and {Adams}, T. and {Addesso}, P. and 
	{Adhikari}, R.~X. and {Adya}, V.~B. and et al.},
    title = "{Multi-messenger Observations of a Binary Neutron Star Merger}",
  journal = {\apjl},
archivePrefix = "arXiv",
   eprint = {1710.05833},
 primaryClass = "astro-ph.HE",
 keywords = {gravitational waves, stars: neutron },
     year = 2017,
    month = oct,
   volume = 848,
      eid = {L12},
    pages = {L12},
      doi = {10.3847/2041-8213/aa91c9},
   adsurl = {http://adsabs.harvard.edu/abs/2017ApJ...848L..12A},
  adsnote = {Provided by the SAO/NASA Astrophysics Data System}
}


@ARTICLE{2017ApJ...848L..34M,
   author = {{Murguia-Berthier}, A. and {Ramirez-Ruiz}, E. and {Kilpatrick}, C.~D. and 
	{Foley}, R.~J. and {Kasen}, D. and {Lee}, W.~H. and {Piro}, A.~L. and 
	{Coulter}, D.~A. and {Drout}, M.~R. and {Madore}, B.~F. and 
	{Shappee}, B.~J. and {Pan}, Y.-C. and {Prochaska}, J.~X. and 
	{Rest}, A. and {Rojas-Bravo}, C. and {Siebert}, M.~R. and {Simon}, J.~D.
	},
    title = "{A Neutron Star Binary Merger Model for GW170817/GRB 170817A/SSS17a}",
  journal = {\apjl},
archivePrefix = "arXiv",
   eprint = {1710.05453},
 primaryClass = "astro-ph.HE",
 keywords = {binaries: close, gamma-ray burst: general, gravitational waves},
     year = 2017,
    month = oct,
   volume = 848,
      eid = {L34},
    pages = {L34},
      doi = {10.3847/2041-8213/aa91b3},
   adsurl = {http://adsabs.harvard.edu/abs/2017ApJ...848L..34M},
  adsnote = {Provided by the SAO/NASA Astrophysics Data System}
}


@ARTICLE{2017ApJ...848L..18N,
   author = {{Nicholl}, M. and {Berger}, E. and {Kasen}, D. and {Metzger}, B.~D. and 
	{Elias}, J. and {Brice{\~n}o}, C. and {Alexander}, K.~D. and 
	{Blanchard}, P.~K. and {Chornock}, R. and {Cowperthwaite}, P.~S. and 
	{Eftekhari}, T. and {Fong}, W. and {Margutti}, R. and {Villar}, V.~A. and 
	{Williams}, P.~K.~G. and {Brown}, W. and {Annis}, J. and {Bahramian}, A. and 
	{Brout}, D. and {Brown}, D.~A. and {Chen}, H.-Y. and {Clemens}, J.~C. and 
	{Dennihy}, E. and {Dunlap}, B. and {Holz}, D.~E. and {Marchesini}, E. and 
	{Massaro}, F. and {Moskowitz}, N. and {Pelisoli}, I. and {Rest}, A. and 
	{Ricci}, F. and {Sako}, M. and {Soares-Santos}, M. and {Strader}, J.
	},
    title = "{The Electromagnetic Counterpart of the Binary Neutron Star Merger LIGO/Virgo GW170817. III. Optical and UV Spectra of a Blue Kilonova from Fast Polar Ejecta}",
  journal = {\apjl},
archivePrefix = "arXiv",
   eprint = {1710.05456},
 primaryClass = "astro-ph.HE",
 keywords = {binaries: close, gravitational waves, nuclear reactions, nucleosynthesis, abundances, stars: neutron},
     year = 2017,
    month = oct,
   volume = 848,
      eid = {L18},
    pages = {L18},
      doi = {10.3847/2041-8213/aa9029},
   adsurl = {http://adsabs.harvard.edu/abs/2017ApJ...848L..18N},
  adsnote = {Provided by the SAO/NASA Astrophysics Data System}
}

@ARTICLE{2018arXiv180807889K,
   author = {{Klencki}, J. and {Moe}, M. and {Gladysz}, W. and {Chruslinska}, M. and 
	{Holz}, D.~E. and {Belczynski}, K.},
    title = "{The impact of inter-correlated initial binary parameters on double black hole/neutron star mergers}",
  journal = {ArXiv e-prints},
archivePrefix = "arXiv",
   eprint = {1808.07889},
 primaryClass = "astro-ph.HE",
 keywords = {Astrophysics - High Energy Astrophysical Phenomena},
     year = 2018,
    month = aug,
   adsurl = {http://adsabs.harvard.edu/abs/2018arXiv180807889K},
  adsnote = {Provided by the SAO/NASA Astrophysics Data System}
}

@article{PhysRevD.93.084029,
  title = {Binary black hole mergers from globular clusters: Masses, merger rates, and the impact of stellar evolution},
  author = {Rodriguez, Carl L. and Chatterjee, Sourav and Rasio, Frederic A.},
  journal = {Phys. Rev. D},
  volume = {93},
  issue = {8},
  pages = {084029},
  numpages = {21},
  year = {2016},
  month = {Apr},
  publisher = {American Physical Society},
  doi = {10.1103/PhysRevD.93.084029},
  url = {https://link.aps.org/doi/10.1103/PhysRevD.93.084029}
}


@article{PhysRevD.76.061504,
  title = {Dynamical interactions and the black-hole merger rate of the Universe},
  author = {O'Leary, Ryan M. and O'Shaughnessy, Richard and Rasio, Frederic A.},
  journal = {Phys. Rev. D},
  volume = {76},
  issue = {6},
  pages = {061504},
  numpages = {5},
  year = {2007},
  month = {Sep},
  publisher = {American Physical Society},
  doi = {10.1103/PhysRevD.76.061504},
  url = {https://link.aps.org/doi/10.1103/PhysRevD.76.061504}
}


@ARTICLE{2017Natur.551...75S,
   author = {{Smartt}, S.~J. and {Chen}, T.-W. and {Jerkstrand}, A. and {Coughlin}, M. and 
	{Kankare}, E. and {Sim}, S.~A. and {Fraser}, M. and {Inserra}, C. and 
	{Maguire}, K. and {Chambers}, K.~C. and {Huber}, M.~E. and {Kr{\"u}hler}, T. and 
	{Leloudas}, G. and {Magee}, M. and {Shingles}, L.~J. and {Smith}, K.~W. and 
	{Young}, D.~R. and {Tonry}, J. and {Kotak}, R. and {Gal-Yam}, A. and 
	{Lyman}, J.~D. and {Homan}, D.~S. and {Agliozzo}, C. and {Anderson}, J.~P. and 
	{Angus}, C.~R. and {Ashall}, C. and {Barbarino}, C. and {Bauer}, F.~E. and 
	{Berton}, M. and {Botticella}, M.~T. and {Bulla}, M. and {Bulger}, J. and 
	{Cannizzaro}, G. and {Cano}, Z. and {Cartier}, R. and {Cikota}, A. and 
	{Clark}, P. and {De Cia}, A. and {Della Valle}, M. and {Denneau}, L. and 
	{Dennefeld}, M. and {Dessart}, L. and {Dimitriadis}, G. and 
	{Elias-Rosa}, N. and {Firth}, R.~E. and {Flewelling}, H. and 
	{Fl{\"o}rs}, A. and {Franckowiak}, A. and {Frohmaier}, C. and 
	{Galbany}, L. and {Gonz{\'a}lez-Gait{\'a}n}, S. and {Greiner}, J. and 
	{Gromadzki}, M. and {Guelbenzu}, A.~N. and {Guti{\'e}rrez}, C.~P. and 
	{Hamanowicz}, A. and {Hanlon}, L. and {Harmanen}, J. and {Heintz}, K.~E. and 
	{Heinze}, A. and {Hernandez}, M.-S. and {Hodgkin}, S.~T. and 
	{Hook}, I.~M. and {Izzo}, L. and {James}, P.~A. and {Jonker}, P.~G. and 
	{Kerzendorf}, W.~E. and {Klose}, S. and {Kostrzewa-Rutkowska}, Z. and 
	{Kowalski}, M. and {Kromer}, M. and {Kuncarayakti}, H. and {Lawrence}, A. and 
	{Lowe}, T.~B. and {Magnier}, E.~A. and {Manulis}, I. and {Martin-Carrillo}, A. and 
	{Mattila}, S. and {McBrien}, O. and {M{\"u}ller}, A. and {Nordin}, J. and 
	{O'Neill}, D. and {Onori}, F. and {Palmerio}, J.~T. and {Pastorello}, A. and 
	{Patat}, F. and {Pignata}, G. and {Podsiadlowski}, P. and {Pumo}, M.~L. and 
	{Prentice}, S.~J. and {Rau}, A. and {Razza}, A. and {Rest}, A. and 
	{Reynolds}, T. and {Roy}, R. and {Ruiter}, A.~J. and {Rybicki}, K.~A. and 
	{Salmon}, L. and {Schady}, P. and {Schultz}, A.~S.~B. and {Schweyer}, T. and 
	{Seitenzahl}, I.~R. and {Smith}, M. and {Sollerman}, J. and 
	{Stalder}, B. and {Stubbs}, C.~W. and {Sullivan}, M. and {Szegedi}, H. and 
	{Taddia}, F. and {Taubenberger}, S. and {Terreran}, G. and {van Soelen}, B. and 
	{Vos}, J. and {Wainscoat}, R.~J. and {Walton}, N.~A. and {Waters}, C. and 
	{Weiland}, H. and {Willman}, M. and {Wiseman}, P. and {Wright}, D.~E. and 
	{Wyrzykowski}, {\L}. and {Yaron}, O.},
    title = "{A kilonova as the electromagnetic counterpart to a gravitational-wave source}",
  journal = {\nat},
archivePrefix = "arXiv",
   eprint = {1710.05841},
 primaryClass = "astro-ph.HE",
     year = 2017,
    month = nov,
   volume = 551,
    pages = {75-79},
      doi = {10.1038/nature24303},
   adsurl = {http://adsabs.harvard.edu/abs/2017Natur.551...75S},
  adsnote = {Provided by the SAO/NASA Astrophysics Data System}
}


@ARTICLE{2017Natur.551...64A,
   author = {{Arcavi}, I. and {Hosseinzadeh}, G. and {Howell}, D.~A. and 
	{McCully}, C. and {Poznanski}, D. and {Kasen}, D. and {Barnes}, J. and 
	{Zaltzman}, M. and {Vasylyev}, S. and {Maoz}, D. and {Valenti}, S.
	},
    title = "{Optical emission from a kilonova following a gravitational-wave-detected neutron-star merger}",
  journal = {\nat},
archivePrefix = "arXiv",
   eprint = {1710.05843},
 primaryClass = "astro-ph.HE",
     year = 2017,
    month = nov,
   volume = 551,
    pages = {64-66},
      doi = {10.1038/nature24291},
   adsurl = {http://adsabs.harvard.edu/abs/2017Natur.551...64A},
  adsnote = {Provided by the SAO/NASA Astrophysics Data System}
}


@ARTICLE{2017ApJ...848L..24V,
   author = {{Valenti}, S. and {David} and {Sand}, J. and {Yang}, S. and 
	{Cappellaro}, E. and {Tartaglia}, L. and {Corsi}, A. and {Jha}, S.~W. and 
	{Reichart}, D.~E. and {Haislip}, J. and {Kouprianov}, V.},
    title = "{The Discovery of the Electromagnetic Counterpart of GW170817: Kilonova AT 2017gfo/DLT17ck}",
  journal = {\apjl},
archivePrefix = "arXiv",
   eprint = {1710.05854},
 primaryClass = "astro-ph.HE",
 keywords = {stars: neutron, surveys},
     year = 2017,
    month = oct,
   volume = 848,
      eid = {L24},
    pages = {L24},
      doi = {10.3847/2041-8213/aa8edf},
   adsurl = {http://adsabs.harvard.edu/abs/2017ApJ...848L..24V},
  adsnote = {Provided by the SAO/NASA Astrophysics Data System}
}

@ARTICLE{2018ApJ...852L...3S,
   author = {{Scolnic}, D. and {Kessler}, R. and {Brout}, D. and {Cowperthwaite}, P.~S. and 
	{Soares-Santos}, M. and {Annis}, J. and {Herner}, K. and {Chen}, H.-Y. and 
	{Sako}, M. and {Doctor}, Z. and {Butler}, R.~E. and {Palmese}, A. and 
	{Diehl}, H.~T. and {Frieman}, J. and {Holz}, D.~E. and {Berger}, E. and 
	{Chornock}, R. and {Villar}, V.~A. and {Nicholl}, M. and {Biswas}, R. and 
	{Hounsell}, R. and {Foley}, R.~J. and {Metzger}, J. and {Rest}, A. and 
	{Garc{\'{\i}}a-Bellido}, J. and {M{\"o}ller}, A. and {Nugent}, P. and 
	{Abbott}, T.~M.~C. and {Abdalla}, F.~B. and {Allam}, S. and 
	{Bechtol}, K. and {Benoit-L{\'e}vy}, A. and {Bertin}, E. and 
	{Brooks}, D. and {Buckley-Geer}, E. and {Carnero Rosell}, A. and 
	{Carrasco Kind}, M. and {Carretero}, J. and {Castander}, F.~J. and 
	{Cunha}, C.~E. and {D{\rsquo}Andrea}, C.~B. and {da Costa}, L.~N. and 
	{Davis}, C. and {Doel}, P. and {Drlica-Wagner}, A. and {Eifler}, T.~F. and 
	{Flaugher}, B. and {Fosalba}, P. and {Gaztanaga}, E. and {Gerdes}, D.~W. and 
	{Gruen}, D. and {Gruendl}, R.~A. and {Gschwend}, J. and {Gutierrez}, G. and 
	{Hartley}, W.~G. and {Honscheid}, K. and {James}, D.~J. and 
	{Johnson}, M.~W.~G. and {Johnson}, M.~D. and {Krause}, E. and 
	{Kuehn}, K. and {Kuhlmann}, S. and {Lahav}, O. and {Li}, T.~S. and 
	{Lima}, M. and {Maia}, M.~A.~G. and {March}, M. and {Marshall}, J.~L. and 
	{Menanteau}, F. and {Miquel}, R. and {Neilsen}, E. and {Plazas}, A.~A. and 
	{Sanchez}, E. and {Scarpine}, V. and {Schubnell}, M. and {Sevilla-Noarbe}, I. and 
	{Smith}, M. and {Smith}, R.~C. and {Sobreira}, F. and {Suchyta}, E. and 
	{Swanson}, M.~E.~C. and {Tarle}, G. and {Thomas}, R.~C. and 
	{Tucker}, D.~L. and {Walker}, A.~R. and {DES Collaboration}},
    title = "{How Many Kilonovae Can Be Found in Past, Present, and Future Survey Data Sets?}",
  journal = {\apjl},
archivePrefix = "arXiv",
   eprint = {1710.05845},
 primaryClass = "astro-ph.IM",
 keywords = {stars: neutron },
     year = 2018,
    month = jan,
   volume = 852,
      eid = {L3},
    pages = {L3},
      doi = {10.3847/2041-8213/aa9d82},
   adsurl = {http://adsabs.harvard.edu/abs/2018ApJ...852L...3S},
  adsnote = {Provided by the SAO/NASA Astrophysics Data System}
}


@ARTICLE{2017PASJ...69..102T,
   author = {{Tanaka}, M. and {Utsumi}, Y. and {Mazzali}, P.~A. and {Tominaga}, N. and 
	{Yoshida}, M. and {Sekiguchi}, Y. and {Morokuma}, T. and {Motohara}, K. and 
	{Ohta}, K. and {Kawabata}, K.~S. and {Abe}, F. and {Aoki}, K. and 
	{Asakura}, Y. and {Baar}, S. and {Barway}, S. and {Bond}, I.~A. and 
	{Doi}, M. and {Fujiyoshi}, T. and {Furusawa}, H. and {Honda}, S. and 
	{Itoh}, Y. and {Kawabata}, M. and {Kawai}, N. and {Kim}, J.~H. and 
	{Lee}, C.-H. and {Miyazaki}, S. and {Morihana}, K. and {Nagashima}, H. and 
	{Nagayama}, T. and {Nakaoka}, T. and {Nakata}, F. and {Ohsawa}, R. and 
	{Ohshima}, T. and {Okita}, H. and {Saito}, T. and {Sumi}, T. and 
	{Tajitsu}, A. and {Takahashi}, J. and {Takayama}, M. and {Tamura}, Y. and 
	{Tanaka}, I. and {Terai}, T. and {Tristram}, P.~J. and {Yasuda}, N. and 
	{Zenko}, T.},
    title = "{Kilonova from post-merger ejecta as an optical and near-Infrared counterpart of GW170817}",
  journal = {\pasj},
archivePrefix = "arXiv",
   eprint = {1710.05850},
 primaryClass = "astro-ph.HE",
 keywords = {gravitational waves, nuclear reactions, nucleosynthesis, abundances, stars: neutron},
     year = 2017,
    month = dec,
   volume = 69,
      eid = {102},
    pages = {102},
      doi = {10.1093/pasj/psx121},
   adsurl = {http://adsabs.harvard.edu/abs/2017PASJ...69..102T},
  adsnote = {Provided by the SAO/NASA Astrophysics Data System}
}


@ARTICLE{2017ApJ...848L..27T,
   author = {{Tanvir}, N.~R. and {Levan}, A.~J. and {Gonz{\'a}lez-Fern{\'a}ndez}, C. and 
	{Korobkin}, O. and {Mandel}, I. and {Rosswog}, S. and {Hjorth}, J. and 
	{D'Avanzo}, P. and {Fruchter}, A.~S. and {Fryer}, C.~L. and 
	{Kangas}, T. and {Milvang-Jensen}, B. and {Rosetti}, S. and 
	{Steeghs}, D. and {Wollaeger}, R.~T. and {Cano}, Z. and {Copperwheat}, C.~M. and 
	{Covino}, S. and {D'Elia}, V. and {de Ugarte Postigo}, A. and 
	{Evans}, P.~A. and {Even}, W.~P. and {Fairhurst}, S. and {Figuera Jaimes}, R. and 
	{Fontes}, C.~J. and {Fujii}, Y.~I. and {Fynbo}, J.~P.~U. and 
	{Gompertz}, B.~P. and {Greiner}, J. and {Hodosan}, G. and {Irwin}, M.~J. and 
	{Jakobsson}, P. and {J{\o}rgensen}, U.~G. and {Kann}, D.~A. and 
	{Lyman}, J.~D. and {Malesani}, D. and {McMahon}, R.~G. and {Melandri}, A. and 
	{O'Brien}, P.~T. and {Osborne}, J.~P. and {Palazzi}, E. and 
	{Perley}, D.~A. and {Pian}, E. and {Piranomonte}, S. and {Rabus}, M. and 
	{Rol}, E. and {Rowlinson}, A. and {Schulze}, S. and {Sutton}, P. and 
	{Th{\"o}ne}, C.~C. and {Ulaczyk}, K. and {Watson}, D. and {Wiersema}, K. and 
	{Wijers}, R.~A.~M.~J.},
    title = "{The Emergence of a Lanthanide-rich Kilonova Following the Merger of Two Neutron Stars}",
  journal = {\apjl},
archivePrefix = "arXiv",
   eprint = {1710.05455},
 primaryClass = "astro-ph.HE",
 keywords = {gravitational waves, nuclear reactions, nucleosynthesis, abundances, stars: neutron},
     year = 2017,
    month = oct,
   volume = 848,
      eid = {L27},
    pages = {L27},
      doi = {10.3847/2041-8213/aa90b6},
   adsurl = {http://adsabs.harvard.edu/abs/2017ApJ...848L..27T},
  adsnote = {Provided by the SAO/NASA Astrophysics Data System}
}



@ARTICLE{2017ApJ...851L..48Y,
   author = {{Yang}, S. and {Valenti}, S. and {Cappellaro}, E. and {Sand}, D.~J. and 
	{Tartaglia}, L. and {Corsi}, A. and {Reichart}, D.~E. and {Haislip}, J. and 
	{Kouprianov}, V.},
    title = "{An Empirical Limit on the Kilonova Rate from the DLT40 One Day Cadence Supernova Survey}",
  journal = {\apjl},
archivePrefix = "arXiv",
   eprint = {1710.05864},
 primaryClass = "astro-ph.HE",
 keywords = {stars: neutron, supernovae: general, surveys},
     year = 2017,
    month = dec,
   volume = 851,
      eid = {L48},
    pages = {L48},
      doi = {10.3847/2041-8213/aaa07d},
   adsurl = {http://adsabs.harvard.edu/abs/2017ApJ...851L..48Y},
  adsnote = {Provided by the SAO/NASA Astrophysics Data System}
}



@ARTICLE{2017NatCo...8.1148L,
   author = {{Liao}, K. and {Fan}, X.-L. and {Ding}, X. and {Biesiada}, M. and 
	{Zhu}, Z.-H.},
    title = "{Precision cosmology from future lensed gravitational wave and electromagnetic signals}",
  journal = {Nature Communications},
archivePrefix = "arXiv",
   eprint = {1703.04151},
     year = 2017,
    month = oct,
   volume = 8,
      eid = {1148},
    pages = {1148},
      doi = {10.1038/s41467-017-01152-9},
   adsurl = {http://adsabs.harvard.edu/abs/2017NatCo...8.1148L},
  adsnote = {Provided by the SAO/NASA Astrophysics Data System}
}


@inproceedings{Stratta:2015tyn,
      author         = "Stratta, G.",
      title          = "{Multi-messenger searches: Past results and future
                        programs}",
      booktitle      = "{Proceedings, 50th Rencontres de Moriond Gravitation :
                        100 years after GR: La Thuile, Italy, March 21-28, 2015}",
      year           = "2015",
      url            = "http://inspirehep.net/record/1423135/files/Pages_from_C15-03-21_303.pdf",
      pages          = "303-310",
      SLACcitation   = "%%CITATION = INSPIRE-1423135;%%"
}


@ARTICLE{2016ApJ...825...52K,
   author = {{Kawaguchi}, K. and {Kyutoku}, K. and {Shibata}, M. and {Tanaka}, M.
	},
    title = "{Models of Kilonova/Macronova Emission from Black Hole-Neutron Star Mergers}",
  journal = {\apj},
archivePrefix = "arXiv",
   eprint = {1601.07711},
 primaryClass = "astro-ph.HE",
 keywords = {equation of state, gamma-ray burst: general, gravitational waves, radiative transfer, stars: black holes, stars: neutron},
     year = 2016,
    month = jul,
   volume = 825,
      eid = {52},
    pages = {52},
      doi = {10.3847/0004-637X/825/1/52},
   adsurl = {http://adsabs.harvard.edu/abs/2016ApJ...825...52K},
  adsnote = {Provided by the SAO/NASA Astrophysics Data System}
}

@article{doi:10.1093/mnras/stv721,
author = {Kasen, Daniel and FernÃ¡ndez, Rodrigo and Metzger, Brian D.},
title = {Kilonova light curves from the disc wind outflows of compact object mergers},
journal = {Monthly Notices of the Royal Astronomical Society},
volume = {450},
number = {2},
pages = {1777-1786},
year = {2015},
doi = {10.1093/mnras/stv721},
URL = {http://dx.doi.org/10.1093/mnras/stv721},
eprint = {/oup/backfile/content_public/journal/mnras/450/2/10.1093/mnras/stv721/2/stv721.pdf}
}





